{"type": "subscriptions", "channels": [{"name": "matches", "product_ids": ["BTC-USD", "ETH-USD"], "account_ids": null}]}
{"type": "last_match", "trade_id": 818247032, "maker_order_id": "24a151e4-1267-4bf3-a32c-bf895339508c", "taker_order_id": "fc38ac58-245d-4080-b382-5aa8d978ea82", "side": "buy", "size": "0.08014572", "price": "1671.8", "product_id": "ETH-USD", "sequence": 99202246711, "time": "2026-06-12T18:40:52.750194Z"}
{"type": "last_match", "trade_id": 1037299401, "maker_order_id": "279f3d98-cfb7-4667-8aa2-dedd2000ca0f", "taker_order_id": "765169f0-e003-417f-b1da-c46fcf5221b0", "side": "buy", "size": "0.00000012", "price": "63851.03", "product_id": "BTC-USD", "sequence": 130500263672, "time": "2026-06-12T18:40:52.652492Z"}
{"type": "match", "trade_id": 818247033, "maker_order_id": "72aae204-8692-48b9-bf96-7997cce4b2d8", "taker_order_id": "5f8a1704-3754-4d39-afc5-0ac9542dd400", "side": "buy", "size": "0.45908213", "price": "1671.73", "product_id": "ETH-USD", "sequence": 99202246858, "time": "2026-06-12T18:40:52.812188Z"}
{"type": "match", "trade_id": 818247034, "maker_order_id": "72aae204-8692-48b9-bf96-7997cce4b2d8", "taker_order_id": "5360eedb-11d7-494b-8c00-c6c48ca19c41", "side": "buy", "size": "0.14091787", "price": "1671.73", "product_id": "ETH-USD", "sequence": 99202246861, "time": "2026-06-12T18:40:52.812240Z"}
{"type": "match", "trade_id": 818247035, "maker_order_id": "b2bcae43-761e-40bb-8eb6-d44bf64afa9c", "taker_order_id": "5360eedb-11d7-494b-8c00-c6c48ca19c41", "side": "buy", "size": "0.40016426", "price": "1671.73", "product_id": "ETH-USD", "sequence": 99202246863, "time": "2026-06-12T18:40:52.812240Z"}
{"type": "match", "trade_id": 818247036, "maker_order_id": "b2bcae43-761e-40bb-8eb6-d44bf64afa9c", "taker_order_id": "02a41398-92f5-4d88-8da5-0ba536144104", "side": "buy", "size": "0.33508213", "price": "1671.73", "product_id": "ETH-USD", "sequence": 99202246914, "time": "2026-06-12T18:40:52.822536Z"}
{"type": "match", "trade_id": 818247037, "maker_order_id": "b2bcae43-761e-40bb-8eb6-d44bf64afa9c", "taker_order_id": "81e921d9-454d-4691-8a22-6597182971a0", "side": "buy", "size": "0.46067837", "price": "1671.73", "product_id": "ETH-USD", "sequence": 99202246917, "time": "2026-06-12T18:40:52.822836Z"}
{"type": "match", "trade_id": 818247038, "maker_order_id": "0e93ca41-91d8-4160-80df-8117321def1a", "taker_order_id": "16298bb6-5feb-4608-ab0b-11a23aa8405d", "side": "buy", "size": "0.001", "price": "1671.7", "product_id": "ETH-USD", "sequence": 99202246966, "time": "2026-06-12T18:40:52.832638Z"}
{"type": "match", "trade_id": 818247039, "maker_order_id": "b468b7ef-d1d0-41c8-b71f-a8a029bf721d", "taker_order_id": "16298bb6-5feb-4608-ab0b-11a23aa8405d", "side": "buy", "size": "0.00499526", "price": "1671.7", "product_id": "ETH-USD", "sequence": 99202246968, "time": "2026-06-12T18:40:52.832638Z"}
{"type": "match", "trade_id": 818247040, "maker_order_id": "b468b7ef-d1d0-41c8-b71f-a8a029bf721d", "taker_order_id": "52ee2b0f-9088-4d8c-bbbc-4fd68e69750c", "side": "buy", "size": "0.45908213", "price": "1671.7", "product_id": "ETH-USD", "sequence": 99202246979, "time": "2026-06-12T18:40:52.835646Z"}
{"type": "match", "trade_id": 818247041, "maker_order_id": "b468b7ef-d1d0-41c8-b71f-a8a029bf721d", "taker_order_id": "3b4a9ed7-4c5a-4fd0-90b6-9fb7bb985b75", "side": "buy", "size": "0.54108213", "price": "1671.7", "product_id": "ETH-USD", "sequence": 99202246984, "time": "2026-06-12T18:40:52.835751Z"}
{"type": "match", "trade_id": 818247042, "maker_order_id": "33e1ff77-ed47-4d10-8192-4563420a09cb", "taker_order_id": "1c0457a8-ec78-4bc5-a3bb-c18b1ed5cfd6", "side": "buy", "size": "1.196125", "price": "1671.68", "product_id": "ETH-USD", "sequence": 99202247213, "time": "2026-06-12T18:40:52.907861Z"}
{"type": "match", "trade_id": 1037299402, "maker_order_id": "6f4b8e10-7ddb-4d04-934e-e623a8da2eb5", "taker_order_id": "2e6f5d84-dc78-49a3-b636-bdecc2c1ced9", "side": "sell", "size": "0.0004723", "price": "63851.04", "product_id": "BTC-USD", "sequence": 130500263925, "time": "2026-06-12T18:40:52.930056Z"}
{"type": "match", "trade_id": 1037299403, "maker_order_id": "5d38d73c-99ae-4cc3-9afd-cd04b884356d", "taker_order_id": "2e6f5d84-dc78-49a3-b636-bdecc2c1ced9", "side": "sell", "size": "0.0098", "price": "63851.04", "product_id": "BTC-USD", "sequence": 130500263927, "time": "2026-06-12T18:40:52.930056Z"}
{"type": "match", "trade_id": 1037299404, "maker_order_id": "f1f1f742-6606-4f45-95dd-20bccf7b7f53", "taker_order_id": "2e6f5d84-dc78-49a3-b636-bdecc2c1ced9", "side": "sell", "size": "0.00000101", "price": "63851.07", "product_id": "BTC-USD", "sequence": 130500263929, "time": "2026-06-12T18:40:52.930056Z"}
{"type": "match", "trade_id": 1037299405, "maker_order_id": "30b51434-d8c7-4c32-b719-fb5df48ac4e3", "taker_order_id": "2e6f5d84-dc78-49a3-b636-bdecc2c1ced9", "side": "sell", "size": "0.00000097", "price": "63851.07", "product_id": "BTC-USD", "sequence": 130500263931, "time": "2026-06-12T18:40:52.930056Z"}
{"type": "match", "trade_id": 1037299406, "maker_order_id": "337f5488-6e94-488e-a55f-9bba8c2fb878", "taker_order_id": "2e6f5d84-dc78-49a3-b636-bdecc2c1ced9", "side": "sell", "size": "0.00000092", "price": "63851.07", "product_id": "BTC-USD", "sequence": 130500263933, "time": "2026-06-12T18:40:52.930056Z"}
{"type": "match", "trade_id": 1037299407, "maker_order_id": "6c74a0c6-63b5-4f95-aa4d-d060bf64a9f5", "taker_order_id": "2e6f5d84-dc78-49a3-b636-bdecc2c1ced9", "side": "sell", "size": "0.00495229", "price": "63852", "product_id": "BTC-USD", "sequence": 130500263935, "time": "2026-06-12T18:40:52.930056Z"}
{"type": "match", "trade_id": 818247043, "maker_order_id": "5563ff90-b8e1-4634-8056-2c1778be042d", "taker_order_id": "e91fc04e-8cb7-406e-b117-e168be328720", "side": "buy", "size": "0.19331004", "price": "1671.68", "product_id": "ETH-USD", "sequence": 99202247240, "time": "2026-06-12T18:40:52.937522Z"}
{"type": "match", "trade_id": 818247044, "maker_order_id": "bbfdbf2c-abe2-47cd-8bc6-139b1530a4ef", "taker_order_id": "e91fc04e-8cb7-406e-b117-e168be328720", "side": "buy", "size": "1.19612519", "price": "1671.68", "product_id": "ETH-USD", "sequence": 99202247242, "time": "2026-06-12T18:40:52.937522Z"}
{"type": "match", "trade_id": 818247045, "maker_order_id": "a2b833aa-c131-42d2-a746-1906efd52890", "taker_order_id": "e91fc04e-8cb7-406e-b117-e168be328720", "side": "buy", "size": "0.00076944", "price": "1671.68", "product_id": "ETH-USD", "sequence": 99202247244, "time": "2026-06-12T18:40:52.937522Z"}
{"type": "match", "trade_id": 818247046, "maker_order_id": "f47c0dfd-652a-4eb3-aeb4-613cc360e8e8", "taker_order_id": "e91fc04e-8cb7-406e-b117-e168be328720", "side": "buy", "size": "0.05985233", "price": "1671.68", "product_id": "ETH-USD", "sequence": 99202247246, "time": "2026-06-12T18:40:52.937522Z"}
{"type": "match", "trade_id": 818247047, "maker_order_id": "48db94e7-764a-4e61-81c5-62d9d2940d5e", "taker_order_id": "b6cfdbaa-a519-46f8-9455-5be4485eb98b", "side": "buy", "size": "0.01001822", "price": "1671.62", "product_id": "ETH-USD", "sequence": 99202247656, "time": "2026-06-12T18:40:53.179498Z"}
{"type": "match", "trade_id": 818247048, "maker_order_id": "539441a8-73dc-4abb-b1f9-7122a573bb88", "taker_order_id": "b6cfdbaa-a519-46f8-9455-5be4485eb98b", "side": "buy", "size": "0.01001822", "price": "1671.62", "product_id": "ETH-USD", "sequence": 99202247658, "time": "2026-06-12T18:40:53.179498Z"}
{"type": "match", "trade_id": 818247049, "maker_order_id": "7989acb1-feba-4fd1-992e-e16dee0047bf", "taker_order_id": "b6cfdbaa-a519-46f8-9455-5be4485eb98b", "side": "buy", "size": "0.04461665", "price": "1671.61", "product_id": "ETH-USD", "sequence": 99202247660, "time": "2026-06-12T18:40:53.179498Z"}
{"type": "match", "trade_id": 818247050, "maker_order_id": "0e68e34d-bcdb-48e8-8ac2-d6ba40fa13bd", "taker_order_id": "97923c50-9f49-479f-9cf0-26c04308076c", "side": "buy", "size": "0.001", "price": "1671.6", "product_id": "ETH-USD", "sequence": 99202247774, "time": "2026-06-12T18:40:53.210021Z"}
{"type": "match", "trade_id": 818247051, "maker_order_id": "e268812a-0063-4b1d-a2bc-409bcf366904", "taker_order_id": "97923c50-9f49-479f-9cf0-26c04308076c", "side": "buy", "size": "0.45908213", "price": "1671.59", "product_id": "ETH-USD", "sequence": 99202247776, "time": "2026-06-12T18:40:53.210021Z"}
{"type": "match", "trade_id": 1037299408, "maker_order_id": "7da95e6e-f2f5-4b1b-b8b5-b100895c99ce", "taker_order_id": "2fb10e51-eecb-48df-a4be-93c3713543e0", "side": "sell", "size": "0.00754484", "price": "63851.04", "product_id": "BTC-USD", "sequence": 130500264685, "time": "2026-06-12T18:40:53.411764Z"}
{"type": "match", "trade_id": 1037299409, "maker_order_id": "72b37959-ce3b-4c68-93b4-4a69b9a5c495", "taker_order_id": "93ecb567-8caf-4c53-875e-3cd6f2c72920", "side": "buy", "size": "0.00000027", "price": "63851.03", "product_id": "BTC-USD", "sequence": 130500264894, "time": "2026-06-12T18:40:53.665268Z"}
{"type": "match", "trade_id": 1037299410, "maker_order_id": "72b37959-ce3b-4c68-93b4-4a69b9a5c495", "taker_order_id": "96e9d6da-cf30-4b6d-9dad-1e977e48ee15", "side": "buy", "size": "0.00000016", "price": "63851.03", "product_id": "BTC-USD", "sequence": 130500265033, "time": "2026-06-12T18:40:53.853745Z"}
{"type": "match", "trade_id": 818247052, "maker_order_id": "c9dc7569-8f37-4feb-b5d4-8d65b5be4af1", "taker_order_id": "5cc58076-a4e4-4165-a73a-bb3e5583b9e1", "side": "buy", "size": "0.05985258", "price": "1671.6", "product_id": "ETH-USD", "sequence": 99202248082, "time": "2026-06-12T18:40:53.875222Z"}
{"type": "match", "trade_id": 818247053, "maker_order_id": "30ffa906-7233-4e2c-8775-7eb9574b5956", "taker_order_id": "dd87a632-f562-4a14-9b93-ecd2c39505ba", "side": "buy", "size": "1.196125", "price": "1671.52", "product_id": "ETH-USD", "sequence": 99202248221, "time": "2026-06-12T18:40:54.068638Z"}
{"type": "match", "trade_id": 1037299411, "maker_order_id": "72b37959-ce3b-4c68-93b4-4a69b9a5c495", "taker_order_id": "eeaed15d-1639-4713-b29d-e1d4b00caf37", "side": "buy", "size": "0.00030951", "price": "63851.03", "product_id": "BTC-USD", "sequence": 130500265260, "time": "2026-06-12T18:40:54.076559Z"}
{"type": "match", "trade_id": 1037299412, "maker_order_id": "298780be-2976-4fc6-ad3c-b6cf16768c4e", "taker_order_id": "eeaed15d-1639-4713-b29d-e1d4b00caf37", "side": "buy", "size": "0.00047024", "price": "63851.03", "product_id": "BTC-USD", "sequence": 130500265262, "time": "2026-06-12T18:40:54.076559Z"}
{"type": "match", "trade_id": 1037299413, "maker_order_id": "902e15c9-45c7-4aec-b4a6-3f914d947e20", "taker_order_id": "eeaed15d-1639-4713-b29d-e1d4b00caf37", "side": "buy", "size": "0.00007768", "price": "63851.03", "product_id": "BTC-USD", "sequence": 130500265264, "time": "2026-06-12T18:40:54.076559Z"}
{"type": "match", "trade_id": 1037299414, "maker_order_id": "0bb4c848-ba2c-4cad-bba4-9e3be65926e4", "taker_order_id": "eeaed15d-1639-4713-b29d-e1d4b00caf37", "side": "buy", "size": "0.00000077", "price": "63851", "product_id": "BTC-USD", "sequence": 130500265266, "time": "2026-06-12T18:40:54.076559Z"}
{"type": "match", "trade_id": 1037299415, "maker_order_id": "8bf01c5f-3e4c-4cc3-8f4d-c953c1d2b532", "taker_order_id": "eeaed15d-1639-4713-b29d-e1d4b00caf37", "side": "buy", "size": "0.0000008", "price": "63851", "product_id": "BTC-USD", "sequence": 130500265268, "time": "2026-06-12T18:40:54.076559Z"}
{"type": "match", "trade_id": 1037299416, "maker_order_id": "f983a347-75bb-423e-b661-7088b1b458ca", "taker_order_id": "eeaed15d-1639-4713-b29d-e1d4b00caf37", "side": "buy", "size": "0.00000084", "price": "63851", "product_id": "BTC-USD", "sequence": 130500265270, "time": "2026-06-12T18:40:54.076559Z"}
{"type": "match", "trade_id": 818247054, "maker_order_id": "d6100b09-aa02-4da4-9498-d436e109c9e7", "taker_order_id": "8361a80e-b86f-431e-ac23-55e06363916d", "side": "buy", "size": "0.19139318", "price": "1671.52", "product_id": "ETH-USD", "sequence": 99202248264, "time": "2026-06-12T18:40:54.111863Z"}
{"type": "match", "trade_id": 818247055, "maker_order_id": "5d9e520e-d97e-4085-960b-e1ef0ff8001e", "taker_order_id": "8361a80e-b86f-431e-ac23-55e06363916d", "side": "buy", "size": "1.19612519", "price": "1671.52", "product_id": "ETH-USD", "sequence": 99202248266, "time": "2026-06-12T18:40:54.111863Z"}
{"type": "match", "trade_id": 818247056, "maker_order_id": "5fbc13dc-9b90-43be-8dc4-d3b84e566f07", "taker_order_id": "8361a80e-b86f-431e-ac23-55e06363916d", "side": "buy", "size": "0.05985163", "price": "1671.52", "product_id": "ETH-USD", "sequence": 99202248268, "time": "2026-06-12T18:40:54.111863Z"}
{"type": "match", "trade_id": 818247057, "maker_order_id": "5fbc13dc-9b90-43be-8dc4-d3b84e566f07", "taker_order_id": "3f810c59-e20c-41f0-a0fe-d2bcc59086fd", "side": "buy", "size": "0.00000095", "price": "1671.52", "product_id": "ETH-USD", "sequence": 99202248304, "time": "2026-06-12T18:40:54.229290Z"}
{"type": "match", "trade_id": 818247058, "maker_order_id": "a828025c-506f-4be2-ab23-34efcc301415", "taker_order_id": "3f810c59-e20c-41f0-a0fe-d2bcc59086fd", "side": "buy", "size": "0.00226644", "price": "1671.52", "product_id": "ETH-USD", "sequence": 99202248306, "time": "2026-06-12T18:40:54.229290Z"}
{"type": "match", "trade_id": 818247059, "maker_order_id": "a828025c-506f-4be2-ab23-34efcc301415", "taker_order_id": "a1510edf-e9b0-4ebc-8a14-1876d571b241", "side": "buy", "size": "0.41589962", "price": "1671.52", "product_id": "ETH-USD", "sequence": 99202248317, "time": "2026-06-12T18:40:54.241814Z"}
{"type": "match", "trade_id": 818247060, "maker_order_id": "b80c9e86-91c8-4fc1-8122-eb205be3cc79", "taker_order_id": "a1510edf-e9b0-4ebc-8a14-1876d571b241", "side": "buy", "size": "0.41600057", "price": "1671.52", "product_id": "ETH-USD", "sequence": 99202248319, "time": "2026-06-12T18:40:54.241814Z"}
{"type": "match", "trade_id": 818247061, "maker_order_id": "c5c963e8-0192-4ae9-a0a6-988e3b638f87", "taker_order_id": "a1510edf-e9b0-4ebc-8a14-1876d571b241", "side": "buy", "size": "1.19612481", "price": "1671.52", "product_id": "ETH-USD", "sequence": 99202248321, "time": "2026-06-12T18:40:54.241814Z"}
{"type": "match", "trade_id": 818247062, "maker_order_id": "c5c963e8-0192-4ae9-a0a6-988e3b638f87", "taker_order_id": "48e501ce-4aed-4ec3-be42-aa9188b237b8", "side": "buy", "size": "0.00000038", "price": "1671.52", "product_id": "ETH-USD", "sequence": 99202248326, "time": "2026-06-12T18:40:54.245359Z"}
{"type": "match", "trade_id": 818247063, "maker_order_id": "4adeafe2-05eb-42cd-a74a-b92083697984", "taker_order_id": "48e501ce-4aed-4ec3-be42-aa9188b237b8", "side": "buy", "size": "0.00000560", "price": "1671.51", "product_id": "ETH-USD", "sequence": 99202248328, "time": "2026-06-12T18:40:54.245359Z"}
{"type": "match", "trade_id": 818247064, "maker_order_id": "9501c230-8714-47ee-928f-551aa95db106", "taker_order_id": "649680b0-4951-4f44-bc77-75cd0535afb9", "side": "buy", "size": "0.001", "price": "1671.5", "product_id": "ETH-USD", "sequence": 99202248392, "time": "2026-06-12T18:40:54.296989Z"}
{"type": "match", "trade_id": 818247065, "maker_order_id": "29170407-ad13-4b69-909b-d6ad6c64d50e", "taker_order_id": "649680b0-4951-4f44-bc77-75cd0535afb9", "side": "buy", "size": "0.46508213", "price": "1671.5", "product_id": "ETH-USD", "sequence": 99202248394, "time": "2026-06-12T18:40:54.296989Z"}
{"type": "match", "trade_id": 818247066, "maker_order_id": "29170407-ad13-4b69-909b-d6ad6c64d50e", "taker_order_id": "ba22669c-e25a-4a16-97b9-1670a8eb19c0", "side": "buy", "size": "0.53408213", "price": "1671.5", "product_id": "ETH-USD", "sequence": 99202248397, "time": "2026-06-12T18:40:54.297037Z"}
{"type": "match", "trade_id": 818247067, "maker_order_id": "d61b7f0e-f460-4ab8-97d7-d27b4121ffd1", "taker_order_id": "08752eb9-cecb-4f30-8634-53ab1e4c7f74", "side": "buy", "size": "0.20227394", "price": "1671.5", "product_id": "ETH-USD", "sequence": 99202248528, "time": "2026-06-12T18:40:54.315776Z"}
{"type": "match", "trade_id": 818247068, "maker_order_id": "38c5a2d3-d1c0-44b4-a634-dd8d2870a8bf", "taker_order_id": "08752eb9-cecb-4f30-8634-53ab1e4c7f74", "side": "buy", "size": "0.00089709", "price": "1671.49", "product_id": "ETH-USD", "sequence": 99202248530, "time": "2026-06-12T18:40:54.315776Z"}
{"type": "match", "trade_id": 1037299417, "maker_order_id": "849f278c-308d-456b-80ba-97aed93fb2c0", "taker_order_id": "5851a2f1-8151-4dec-997f-9933c9e870e4", "side": "buy", "size": "0.00000014", "price": "63848.1", "product_id": "BTC-USD", "sequence": 130500265898, "time": "2026-06-12T18:40:54.770301Z"}
{"type": "match", "trade_id": 1037299418, "maker_order_id": "849f278c-308d-456b-80ba-97aed93fb2c0", "taker_order_id": "9a6d289c-25f1-412a-a4a9-b41bfe7b87d6", "side": "buy", "size": "0.00000003", "price": "63848.1", "product_id": "BTC-USD", "sequence": 130500265907, "time": "2026-06-12T18:40:54.900148Z"}
{"type": "match", "trade_id": 818247069, "maker_order_id": "77f6a612-0258-4f9f-9cdd-def97d18d829", "taker_order_id": "81bd8e8a-79e4-4c30-b62e-b27cf4868540", "side": "buy", "size": "0.53608213", "price": "1671.42", "product_id": "ETH-USD", "sequence": 99202249021, "time": "2026-06-12T18:40:54.958392Z"}
{"type": "match", "trade_id": 818247070, "maker_order_id": "77f6a612-0258-4f9f-9cdd-def97d18d829", "taker_order_id": "1d50aaa9-2cba-4234-8d25-9aea86ca47a6", "side": "buy", "size": "0.46408213", "price": "1671.42", "product_id": "ETH-USD", "sequence": 99202249024, "time": "2026-06-12T18:40:54.958634Z"}
{"type": "match", "trade_id": 818247071, "maker_order_id": "8fe6b4db-dba7-4836-b4d4-dd3af9ace0e4", "taker_order_id": "aafb136a-4e05-4873-9f33-ad6482eb3970", "side": "buy", "size": "0.05985258", "price": "1671.42", "product_id": "ETH-USD", "sequence": 99202249137, "time": "2026-06-12T18:40:54.973624Z"}
{"type": "match", "trade_id": 818247072, "maker_order_id": "a1acd1a1-acdf-40c5-a402-99bcc35a3f30", "taker_order_id": "aafb136a-4e05-4873-9f33-ad6482eb3970", "side": "buy", "size": "1.19631342", "price": "1671.42", "product_id": "ETH-USD", "sequence": 99202249139, "time": "2026-06-12T18:40:54.973624Z"}
{"type": "match", "trade_id": 818247073, "maker_order_id": "83dc35a1-89b3-4254-8bbb-338c0c5bc0e6", "taker_order_id": "f9f74bef-7f59-4e6d-b455-c86bf8fa9a3c", "side": "buy", "size": "0.41933772", "price": "1671.42", "product_id": "ETH-USD", "sequence": 99202249223, "time": "2026-06-12T18:40:55.016565Z"}
{"type": "match", "trade_id": 818247074, "maker_order_id": "df84d6bc-6076-4828-a793-a691ce0b83ec", "taker_order_id": "f9f74bef-7f59-4e6d-b455-c86bf8fa9a3c", "side": "buy", "size": "1.19631328", "price": "1671.42", "product_id": "ETH-USD", "sequence": 99202249225, "time": "2026-06-12T18:40:55.016565Z"}
{"type": "match", "trade_id": 818247075, "maker_order_id": "1a2d301e-f598-4959-8f0b-33b88d191873", "taker_order_id": "ca065e9b-44e4-417d-808e-9cc6fc7862f0", "side": "buy", "size": "0.41700114", "price": "1671.42", "product_id": "ETH-USD", "sequence": 99202249299, "time": "2026-06-12T18:40:55.046908Z"}
{"type": "match", "trade_id": 818247076, "maker_order_id": "51b8cdc7-1de2-4034-ac1b-a919528d8437", "taker_order_id": "ca065e9b-44e4-417d-808e-9cc6fc7862f0", "side": "buy", "size": "0.41967544", "price": "1671.42", "product_id": "ETH-USD", "sequence": 99202249301, "time": "2026-06-12T18:40:55.046908Z"}
{"type": "match", "trade_id": 818247077, "maker_order_id": "b17c18a9-adf6-4ef5-95a1-0e498ce32a8c", "taker_order_id": "ca065e9b-44e4-417d-808e-9cc6fc7862f0", "side": "buy", "size": "1.19631342", "price": "1671.42", "product_id": "ETH-USD", "sequence": 99202249303, "time": "2026-06-12T18:40:55.046908Z"}
{"type": "match", "trade_id": 1037299419, "maker_order_id": "d6caba54-3381-497e-acd3-3cb15da696a8", "taker_order_id": "a4fffda3-9c82-4609-a908-6c9fb8f71768", "side": "sell", "size": "0.011819", "price": "63848.11", "product_id": "BTC-USD", "sequence": 130500266210, "time": "2026-06-12T18:40:55.447748Z"}
{"type": "match", "trade_id": 1037299420, "maker_order_id": "849f278c-308d-456b-80ba-97aed93fb2c0", "taker_order_id": "e15e616b-a155-4c8a-9efa-79191e7f7018", "side": "buy", "size": "0.00000031", "price": "63848.1", "product_id": "BTC-USD", "sequence": 130500266323, "time": "2026-06-12T18:40:55.780129Z"}
{"type": "match", "trade_id": 1037299421, "maker_order_id": "849f278c-308d-456b-80ba-97aed93fb2c0", "taker_order_id": "1e031d69-5f93-40a1-a188-2ed3d9bce5c0", "side": "buy", "size": "0.00018298", "price": "63848.1", "product_id": "BTC-USD", "sequence": 130500266341, "time": "2026-06-12T18:40:55.807924Z"}
{"type": "match", "trade_id": 1037299422, "maker_order_id": "29e49872-6917-4fe1-a43b-472a2cbfb2eb", "taker_order_id": "1e031d69-5f93-40a1-a188-2ed3d9bce5c0", "side": "buy", "size": "0.00046113", "price": "63848.1", "product_id": "BTC-USD", "sequence": 130500266343, "time": "2026-06-12T18:40:55.807924Z"}
{"type": "match", "trade_id": 1037299423, "maker_order_id": "29e49872-6917-4fe1-a43b-472a2cbfb2eb", "taker_order_id": "1faa1355-b2c8-44d6-9e08-8ba55ce4a8fb", "side": "buy", "size": "0.00012438", "price": "63848.1", "product_id": "BTC-USD", "sequence": 130500266451, "time": "2026-06-12T18:40:56.018999Z"}
{"type": "match", "trade_id": 1037299424, "maker_order_id": "29e49872-6917-4fe1-a43b-472a2cbfb2eb", "taker_order_id": "4657e401-fea9-4417-8f25-a164af31b233", "side": "buy", "size": "0.00004495", "price": "63848.1", "product_id": "BTC-USD", "sequence": 130500266679, "time": "2026-06-12T18:40:56.181813Z"}
{"type": "match", "trade_id": 1037299425, "maker_order_id": "29e49872-6917-4fe1-a43b-472a2cbfb2eb", "taker_order_id": "6182827d-887d-42c8-a8ab-1b75f24c58d0", "side": "buy", "size": "0.00003199", "price": "63848.1", "product_id": "BTC-USD", "sequence": 130500266760, "time": "2026-06-12T18:40:56.275973Z"}
{"type": "match", "trade_id": 1037299426, "maker_order_id": "29e49872-6917-4fe1-a43b-472a2cbfb2eb", "taker_order_id": "fc6cce4a-57ed-4bee-ab76-582615c0280a", "side": "buy", "size": "0.02734791", "price": "63848.1", "product_id": "BTC-USD", "sequence": 130500266763, "time": "2026-06-12T18:40:56.276498Z"}
{"type": "match", "trade_id": 1037299427, "maker_order_id": "cba01d3c-11fb-44cd-a765-904e24c48569", "taker_order_id": "fc6cce4a-57ed-4bee-ab76-582615c0280a", "side": "buy", "size": "0.01252994", "price": "63848.1", "product_id": "BTC-USD", "sequence": 130500266765, "time": "2026-06-12T18:40:56.276498Z"}
{"type": "match", "trade_id": 1037299428, "maker_order_id": "890796bd-8596-43e3-9867-c9228883b88e", "taker_order_id": "fc6cce4a-57ed-4bee-ab76-582615c0280a", "side": "buy", "size": "0.00086746", "price": "63848.1", "product_id": "BTC-USD", "sequence": 130500266767, "time": "2026-06-12T18:40:56.276498Z"}
{"type": "match", "trade_id": 1037299429, "maker_order_id": "2f2566d4-c0ed-470c-8cb2-35e3e5bc6d40", "taker_order_id": "fc6cce4a-57ed-4bee-ab76-582615c0280a", "side": "buy", "size": "0.00000067", "price": "63848.07", "product_id": "BTC-USD", "sequence": 130500266769, "time": "2026-06-12T18:40:56.276498Z"}
{"type": "match", "trade_id": 1037299430, "maker_order_id": "618233c2-029d-47b2-916f-e9e386d2b1ab", "taker_order_id": "fc6cce4a-57ed-4bee-ab76-582615c0280a", "side": "buy", "size": "0.0000007", "price": "63848.07", "product_id": "BTC-USD", "sequence": 130500266771, "time": "2026-06-12T18:40:56.276498Z"}
{"type": "match", "trade_id": 1037299431, "maker_order_id": "785a1691-9557-4be0-82de-77be078b2d7f", "taker_order_id": "fc6cce4a-57ed-4bee-ab76-582615c0280a", "side": "buy", "size": "0.00000064", "price": "63848.07", "product_id": "BTC-USD", "sequence": 130500266773, "time": "2026-06-12T18:40:56.276498Z"}
{"type": "match", "trade_id": 1037299432, "maker_order_id": "b1a2b7fc-1315-4861-bc6c-49d9c57b7f24", "taker_order_id": "fc6cce4a-57ed-4bee-ab76-582615c0280a", "side": "buy", "size": "0.0305", "price": "63846", "product_id": "BTC-USD", "sequence": 130500266775, "time": "2026-06-12T18:40:56.276498Z"}
{"type": "match", "trade_id": 1037299433, "maker_order_id": "2df17e2b-9a92-42a4-8121-6255ae4e13db", "taker_order_id": "fc6cce4a-57ed-4bee-ab76-582615c0280a", "side": "buy", "size": "0.03131997", "price": "63845.79", "product_id": "BTC-USD", "sequence": 130500266777, "time": "2026-06-12T18:40:56.276498Z"}
{"type": "match", "trade_id": 1037299434, "maker_order_id": "e1f60771-852f-40ef-abed-83aa73962d80", "taker_order_id": "fc6cce4a-57ed-4bee-ab76-582615c0280a", "side": "buy", "size": "0.01486121", "price": "63844.03", "product_id": "BTC-USD", "sequence": 130500266779, "time": "2026-06-12T18:40:56.276498Z"}
{"type": "match", "trade_id": 1037299435, "maker_order_id": "5cf3d9bb-44a5-493d-839d-7bd472ff2d71", "taker_order_id": "fc6cce4a-57ed-4bee-ab76-582615c0280a", "side": "buy", "size": "0.03915793", "price": "63844.02", "product_id": "BTC-USD", "sequence": 130500266781, "time": "2026-06-12T18:40:56.276498Z"}
{"type": "match", "trade_id": 1037299436, "maker_order_id": "cf6997dc-a9e6-4263-8d63-c8b0b966dda9", "taker_order_id": "fc6cce4a-57ed-4bee-ab76-582615c0280a", "side": "buy", "size": "0.0305", "price": "63844", "product_id": "BTC-USD", "sequence": 130500266783, "time": "2026-06-12T18:40:56.276498Z"}
{"type": "match", "trade_id": 1037299437, "maker_order_id": "a0690e87-a6e5-46bc-8d75-e1849218cc9c", "taker_order_id": "fc6cce4a-57ed-4bee-ab76-582615c0280a", "side": "buy", "size": "0.01923012", "price": "63843.53", "product_id": "BTC-USD", "sequence": 130500266785, "time": "2026-06-12T18:40:56.276498Z"}
{"type": "match", "trade_id": 818247078, "maker_order_id": "283c29aa-574d-4d67-9122-afd6489689c3", "taker_order_id": "48e8e471-499b-4333-af22-4d0c6fc1f6d4", "side": "buy", "size": "0.00000598", "price": "1671.41", "product_id": "ETH-USD", "sequence": 99202249667, "time": "2026-06-12T18:40:56.372480Z"}
{"type": "match", "trade_id": 818247079, "maker_order_id": "b93ac00f-884f-4bad-ba83-f6c2879d6439", "taker_order_id": "1ed13f5f-0f8c-4e3a-ab93-1514988ca5eb", "side": "sell", "size": "0.05923924", "price": "1671.42", "product_id": "ETH-USD", "sequence": 99202249672, "time": "2026-06-12T18:40:56.398814Z"}
{"type": "match", "trade_id": 1037299438, "maker_order_id": "241921fd-ca51-451c-a8dc-086291419aef", "taker_order_id": "aa955501-133a-45f5-a772-c148b53b53a1", "side": "buy", "size": "0.00783073", "price": "63846.03", "product_id": "BTC-USD", "sequence": 130500267134, "time": "2026-06-12T18:40:56.419570Z"}
{"type": "match", "trade_id": 1037299439, "maker_order_id": "7ab12758-5560-4bae-bea3-861beaaf725a", "taker_order_id": "0d3aae6c-6353-487c-abea-24c16247ae27", "side": "buy", "size": "0.00000021", "price": "63846.03", "product_id": "BTC-USD", "sequence": 130500267542, "time": "2026-06-12T18:40:56.837136Z"}
{"type": "match", "trade_id": 818247080, "maker_order_id": "51673e1b-1b7d-4997-a978-98b4209ad730", "taker_order_id": "7ca99323-a432-47c7-9ef1-51eb982180af", "side": "sell", "size": "0.01055525", "price": "1671.42", "product_id": "ETH-USD", "sequence": 99202249777, "time": "2026-06-12T18:40:56.966275Z"}
{"type": "match", "trade_id": 1037299440, "maker_order_id": "c8543060-c7f7-4fd8-9cad-805e6845a1ae", "taker_order_id": "1f4c4299-3a07-4f9f-80c3-cdc4e0846e7b", "side": "sell", "size": "0.00014683", "price": "63846.04", "product_id": "BTC-USD", "sequence": 130500267770, "time": "2026-06-12T18:40:57.084280Z"}
{"type": "match", "trade_id": 818247081, "maker_order_id": "8055cae1-da2d-4920-a5a3-bd2ba3ce189d", "taker_order_id": "6429bc61-f796-40c1-a843-2188eedcdee4", "side": "sell", "size": "0.32008213", "price": "1671.51", "product_id": "ETH-USD", "sequence": 99202250259, "time": "2026-06-12T18:40:57.234939Z"}
{"type": "match", "trade_id": 818247082, "maker_order_id": "a2f8d374-5939-4575-9e1b-a1178a67db3a", "taker_order_id": "0e759782-184a-4313-a391-83cf66185e3b", "side": "buy", "size": "0.00751366", "price": "1671.62", "product_id": "ETH-USD", "sequence": 99202250360, "time": "2026-06-12T18:40:57.253575Z"}
{"type": "match", "trade_id": 818247083, "maker_order_id": "f37542c0-eeea-41ef-b6ac-80edb1a12d68", "taker_order_id": "0e759782-184a-4313-a391-83cf66185e3b", "side": "buy", "size": "0.00751366", "price": "1671.62", "product_id": "ETH-USD", "sequence": 99202250362, "time": "2026-06-12T18:40:57.253575Z"}
{"type": "match", "trade_id": 818247084, "maker_order_id": "392842bb-8222-4b2f-9ba0-feb948cb8d82", "taker_order_id": "0e759782-184a-4313-a391-83cf66185e3b", "side": "buy", "size": "0.01502732", "price": "1671.62", "product_id": "ETH-USD", "sequence": 99202250364, "time": "2026-06-12T18:40:57.253575Z"}
{"type": "match", "trade_id": 818247085, "maker_order_id": "e2453547-4cd2-47c2-9529-bfc102d82fba", "taker_order_id": "97bf7ef0-f04d-4317-bafc-86c4d8148144", "side": "buy", "size": "0.55608213", "price": "1671.59", "product_id": "ETH-USD", "sequence": 99202250385, "time": "2026-06-12T18:40:57.263743Z"}
{"type": "match", "trade_id": 818247086, "maker_order_id": "e2453547-4cd2-47c2-9529-bfc102d82fba", "taker_order_id": "d922b1a3-bbcd-4490-91f3-7143f0937ea3", "side": "buy", "size": "0.32600168", "price": "1671.59", "product_id": "ETH-USD", "sequence": 99202250390, "time": "2026-06-12T18:40:57.264217Z"}
{"type": "match", "trade_id": 818247087, "maker_order_id": "4b816153-1e05-495c-a893-e6adfb34dff4", "taker_order_id": "93be6484-fa52-4d75-a40f-aea359a3bc92", "side": "sell", "size": "0.29248633", "price": "1671.59", "product_id": "ETH-USD", "sequence": 99202250437, "time": "2026-06-12T18:40:57.267700Z"}
{"type": "match", "trade_id": 818247088, "maker_order_id": "628ca04d-84e0-4615-8d3c-51240cf534b4", "taker_order_id": "93be6484-fa52-4d75-a40f-aea359a3bc92", "side": "sell", "size": "0.04187053", "price": "1671.59", "product_id": "ETH-USD", "sequence": 99202250439, "time": "2026-06-12T18:40:57.267700Z"}
{"type": "match", "trade_id": 818247089, "maker_order_id": "628ca04d-84e0-4615-8d3c-51240cf534b4", "taker_order_id": "0235fc02-7910-485d-87db-0891fcdc797a", "side": "sell", "size": "0.25061580", "price": "1671.59", "product_id": "ETH-USD", "sequence": 99202250448, "time": "2026-06-12T18:40:57.268326Z"}
{"type": "match", "trade_id": 818247090, "maker_order_id": "2d897820-9b86-4439-a520-54e4dda42298", "taker_order_id": "0235fc02-7910-485d-87db-0891fcdc797a", "side": "sell", "size": "0.33308213", "price": "1671.65", "product_id": "ETH-USD", "sequence": 99202250450, "time": "2026-06-12T18:40:57.268326Z"}
{"type": "match", "trade_id": 818247091, "maker_order_id": "b8e6919a-5bab-4ccc-aab6-aee62900d71d", "taker_order_id": "0235fc02-7910-485d-87db-0891fcdc797a", "side": "sell", "size": "0.33308213", "price": "1671.66", "product_id": "ETH-USD", "sequence": 99202250452, "time": "2026-06-12T18:40:57.268326Z"}
{"type": "match", "trade_id": 818247092, "maker_order_id": "97a71935-41c0-4582-9766-2a396fc00366", "taker_order_id": "0235fc02-7910-485d-87db-0891fcdc797a", "side": "sell", "size": "0.33308213", "price": "1671.67", "product_id": "ETH-USD", "sequence": 99202250454, "time": "2026-06-12T18:40:57.268326Z"}
{"type": "match", "trade_id": 818247093, "maker_order_id": "a7a5bb6c-ff41-4383-8871-9ee1d6fb691b", "taker_order_id": "0235fc02-7910-485d-87db-0891fcdc797a", "side": "sell", "size": "0.33308213", "price": "1671.68", "product_id": "ETH-USD", "sequence": 99202250456, "time": "2026-06-12T18:40:57.268326Z"}
{"type": "match", "trade_id": 818247094, "maker_order_id": "7bef8d6b-04b3-44d5-a1d0-b209723ce384", "taker_order_id": "8955108d-34d9-482b-ac73-ebce7c5a4850", "side": "sell", "size": "0.33308213", "price": "1671.64", "product_id": "ETH-USD", "sequence": 99202250606, "time": "2026-06-12T18:40:57.272218Z"}
{"type": "match", "trade_id": 818247095, "maker_order_id": "9cba2ff9-dc2b-466e-8aac-dfb77278f0fc", "taker_order_id": "8955108d-34d9-482b-ac73-ebce7c5a4850", "side": "sell", "size": "0.00091787", "price": "1671.64", "product_id": "ETH-USD", "sequence": 99202250608, "time": "2026-06-12T18:40:57.272218Z"}
{"type": "match", "trade_id": 1037299441, "maker_order_id": "c8543060-c7f7-4fd8-9cad-805e6845a1ae", "taker_order_id": "ebaf4b4f-53fd-4f67-bb69-a29849ddcbcf", "side": "sell", "size": "0.00031011", "price": "63846.04", "product_id": "BTC-USD", "sequence": 130500268017, "time": "2026-06-12T18:40:57.426209Z"}
{"type": "match", "trade_id": 818247096, "maker_order_id": "719130d7-2754-4a46-8aa9-932bc709df18", "taker_order_id": "a2eb3f57-6364-46d6-9966-2210cb7239bd", "side": "sell", "size": "0.001", "price": "1671.7", "product_id": "ETH-USD", "sequence": 99202251197, "time": "2026-06-12T18:40:57.492911Z"}
{"type": "match", "trade_id": 818247097, "maker_order_id": "5edf344c-d34d-4ee2-a1ab-3a2d5e150648", "taker_order_id": "a2eb3f57-6364-46d6-9966-2210cb7239bd", "side": "sell", "size": "0.33608213", "price": "1671.7", "product_id": "ETH-USD", "sequence": 99202251199, "time": "2026-06-12T18:40:57.492911Z"}
{"type": "match", "trade_id": 1037299442, "maker_order_id": "c8543060-c7f7-4fd8-9cad-805e6845a1ae", "taker_order_id": "db89fe44-2e45-49e5-b92a-41f99d8adc29", "side": "sell", "size": "0.00189246", "price": "63846.04", "product_id": "BTC-USD", "sequence": 130500268125, "time": "2026-06-12T18:40:57.542441Z"}
{"type": "match", "trade_id": 1037299443, "maker_order_id": "760a9268-4096-4596-9e1a-70216a984f2f", "taker_order_id": "f8286afd-54e7-4fd7-8da7-bcd6b310e1c5", "side": "sell", "size": "0.00047229", "price": "63848.11", "product_id": "BTC-USD", "sequence": 130500268235, "time": "2026-06-12T18:40:57.603118Z"}
{"type": "match", "trade_id": 1037299444, "maker_order_id": "8f61d0c5-4712-4d33-9aaf-a7f63e98aced", "taker_order_id": "f8286afd-54e7-4fd7-8da7-bcd6b310e1c5", "side": "sell", "size": "0.00047024", "price": "63848.11", "product_id": "BTC-USD", "sequence": 130500268237, "time": "2026-06-12T18:40:57.603118Z"}
{"type": "match", "trade_id": 1037299445, "maker_order_id": "815c3a0d-5885-4715-9c15-89f59358f35f", "taker_order_id": "f8286afd-54e7-4fd7-8da7-bcd6b310e1c5", "side": "sell", "size": "0.00020392", "price": "63848.11", "product_id": "BTC-USD", "sequence": 130500268239, "time": "2026-06-12T18:40:57.603118Z"}
{"type": "match", "trade_id": 1037299446, "maker_order_id": "762d505f-94dd-4311-a91a-360d103e70fc", "taker_order_id": "f8286afd-54e7-4fd7-8da7-bcd6b310e1c5", "side": "sell", "size": "0.00000111", "price": "63848.14", "product_id": "BTC-USD", "sequence": 130500268241, "time": "2026-06-12T18:40:57.603118Z"}
{"type": "match", "trade_id": 1037299447, "maker_order_id": "50773cee-f787-43ab-9f1d-9fdeada2a058", "taker_order_id": "f8286afd-54e7-4fd7-8da7-bcd6b310e1c5", "side": "sell", "size": "0.00000122", "price": "63848.14", "product_id": "BTC-USD", "sequence": 130500268243, "time": "2026-06-12T18:40:57.603118Z"}
{"type": "match", "trade_id": 1037299448, "maker_order_id": "f1b0f689-a4a9-4947-b8b1-e29d3b23d1bc", "taker_order_id": "f8286afd-54e7-4fd7-8da7-bcd6b310e1c5", "side": "sell", "size": "0.00000116", "price": "63848.14", "product_id": "BTC-USD", "sequence": 130500268245, "time": "2026-06-12T18:40:57.603118Z"}
{"type": "match", "trade_id": 1037299449, "maker_order_id": "19905a06-b74a-4a1a-83a6-6419e7cc4550", "taker_order_id": "f8286afd-54e7-4fd7-8da7-bcd6b310e1c5", "side": "sell", "size": "0.0015651", "price": "63849.28", "product_id": "BTC-USD", "sequence": 130500268247, "time": "2026-06-12T18:40:57.603118Z"}
{"type": "match", "trade_id": 1037299450, "maker_order_id": "d22097f8-3122-421d-bbe2-6f8e31bcec14", "taker_order_id": "f8286afd-54e7-4fd7-8da7-bcd6b310e1c5", "side": "sell", "size": "0.00969299", "price": "63849.61", "product_id": "BTC-USD", "sequence": 130500268249, "time": "2026-06-12T18:40:57.603118Z"}
{"type": "match", "trade_id": 818247098, "maker_order_id": "be2eb68d-1054-4e29-97ca-11321fbc408b", "taker_order_id": "6dd66fa5-26ff-4aa0-b5f4-39bbaf69a25d", "side": "sell", "size": "0.00059231", "price": "1671.8", "product_id": "ETH-USD", "sequence": 99202251539, "time": "2026-06-12T18:40:57.643101Z"}
{"type": "match", "trade_id": 1037299451, "maker_order_id": "7602b0ff-6238-4b88-92d5-0c45ecc4f431", "taker_order_id": "c72322de-c58c-442d-8cf9-da92392bd0e6", "side": "buy", "size": "0.0098", "price": "63851.03", "product_id": "BTC-USD", "sequence": 130500268751, "time": "2026-06-12T18:40:57.894090Z"}
{"type": "match", "trade_id": 1037299452, "maker_order_id": "a3afc79f-c5e8-464a-82e4-1e476071e997", "taker_order_id": "c72322de-c58c-442d-8cf9-da92392bd0e6", "side": "buy", "size": "0.00265007", "price": "63851.03", "product_id": "BTC-USD", "sequence": 130500268753, "time": "2026-06-12T18:40:57.894090Z"}
{"type": "match", "trade_id": 1037299453, "maker_order_id": "a3afc79f-c5e8-464a-82e4-1e476071e997", "taker_order_id": "ad0656c0-c896-46b6-aad4-3958445b4146", "side": "buy", "size": "0.00000002", "price": "63851.03", "product_id": "BTC-USD", "sequence": 130500268817, "time": "2026-06-12T18:40:57.939562Z"}
{"type": "match", "trade_id": 1037299454, "maker_order_id": "92dbd921-f605-41db-8150-a249f3463158", "taker_order_id": "6ea08fea-deef-4ac2-9776-5729f020ee9e", "side": "sell", "size": "0.00053496", "price": "63851.04", "product_id": "BTC-USD", "sequence": 130500268962, "time": "2026-06-12T18:40:58.222941Z"}
{"type": "match", "trade_id": 818247099, "maker_order_id": "be2eb68d-1054-4e29-97ca-11321fbc408b", "taker_order_id": "29a4adc0-e261-4a4a-b343-d3c87b053717", "side": "sell", "size": "0.00040769", "price": "1671.8", "product_id": "ETH-USD", "sequence": 99202251705, "time": "2026-06-12T18:40:58.304948Z"}
{"type": "match", "trade_id": 818247100, "maker_order_id": "20bb9312-3476-4f81-9f4b-bf427a6e986e", "taker_order_id": "29a4adc0-e261-4a4a-b343-d3c87b053717", "side": "sell", "size": "0.33908213", "price": "1671.8", "product_id": "ETH-USD", "sequence": 99202251707, "time": "2026-06-12T18:40:58.304948Z"}
{"type": "match", "trade_id": 818247101, "maker_order_id": "ec407843-2486-467b-a549-9280533794de", "taker_order_id": "29a4adc0-e261-4a4a-b343-d3c87b053717", "side": "sell", "size": "0.00055552", "price": "1671.8", "product_id": "ETH-USD", "sequence": 99202251709, "time": "2026-06-12T18:40:58.304948Z"}
{"type": "match", "trade_id": 1037299455, "maker_order_id": "7af40ed4-fe03-4069-a1d2-f7131375b33c", "taker_order_id": "8e04cb19-3743-4c3a-9256-4da53c90cb4d", "side": "buy", "size": "0.00000004", "price": "63850.01", "product_id": "BTC-USD", "sequence": 130500269424, "time": "2026-06-12T18:40:58.985479Z"}
{"type": "match", "trade_id": 1037299456, "maker_order_id": "727bd91f-b444-4408-9ddc-839920849019", "taker_order_id": "f1d6cd46-6bed-4c50-90d6-8dd1c81ddafe", "side": "sell", "size": "0.00015506", "price": "63850.02", "product_id": "BTC-USD", "sequence": 130500269735, "time": "2026-06-12T18:40:59.581408Z"}
{"type": "match", "trade_id": 1037299457, "maker_order_id": "727bd91f-b444-4408-9ddc-839920849019", "taker_order_id": "d329677c-03c1-48ef-ad8f-0b5e4146c057", "side": "sell", "size": "0.00005815", "price": "63850.02", "product_id": "BTC-USD", "sequence": 130500269774, "time": "2026-06-12T18:40:59.678943Z"}
{"type": "match", "trade_id": 818247102, "maker_order_id": "14cd0948-62a0-4b1e-b312-649a46c40e7b", "taker_order_id": "9e5fe71c-4d47-4a06-9def-ec06560550fd", "side": "buy", "size": "0.08157002", "price": "1671.87", "product_id": "ETH-USD", "sequence": 99202252173, "time": "2026-06-12T18:40:59.894820Z"}
{"type": "match", "trade_id": 1037299458, "maker_order_id": "7af40ed4-fe03-4069-a1d2-f7131375b33c", "taker_order_id": "ff9d4a59-6435-4c84-98b1-61731d56d9de", "side": "buy", "size": "0.00000004", "price": "63850.01", "product_id": "BTC-USD", "sequence": 130500270041, "time": "2026-06-12T18:41:00.302098Z"}
{"type": "match", "trade_id": 1037299459, "maker_order_id": "727bd91f-b444-4408-9ddc-839920849019", "taker_order_id": "e7e39e63-c408-41b3-890c-940a3ea65ffe", "side": "sell", "size": "0.00004652", "price": "63850.02", "product_id": "BTC-USD", "sequence": 130500270055, "time": "2026-06-12T18:41:00.317709Z"}
{"type": "match", "trade_id": 1037299460, "maker_order_id": "7af40ed4-fe03-4069-a1d2-f7131375b33c", "taker_order_id": "385b42ca-6583-46ee-9191-0d5b2f40f6a6", "side": "buy", "size": "0.00002151", "price": "63850.01", "product_id": "BTC-USD", "sequence": 130500270107, "time": "2026-06-12T18:41:00.353087Z"}
{"type": "match", "trade_id": 1037299461, "maker_order_id": "fc08f5d3-b556-40e9-92b6-376206d5f9e5", "taker_order_id": "385b42ca-6583-46ee-9191-0d5b2f40f6a6", "side": "buy", "size": "0.01", "price": "63850.01", "product_id": "BTC-USD", "sequence": 130500270109, "time": "2026-06-12T18:41:00.353087Z"}
{"type": "match", "trade_id": 1037299462, "maker_order_id": "7ef60346-1ac0-49db-84ba-de1b74fa065d", "taker_order_id": "385b42ca-6583-46ee-9191-0d5b2f40f6a6", "side": "buy", "size": "0.00963916", "price": "63850.01", "product_id": "BTC-USD", "sequence": 130500270111, "time": "2026-06-12T18:41:00.353087Z"}
{"type": "match", "trade_id": 818247103, "maker_order_id": "14cd0948-62a0-4b1e-b312-649a46c40e7b", "taker_order_id": "6f455eed-dad8-4e03-b58a-2c90c5c72066", "side": "buy", "size": "0.00505422", "price": "1671.87", "product_id": "ETH-USD", "sequence": 99202252223, "time": "2026-06-12T18:41:00.480191Z"}
{"type": "match", "trade_id": 818247104, "maker_order_id": "14cd0948-62a0-4b1e-b312-649a46c40e7b", "taker_order_id": "8776edab-4698-4753-ae83-af2a79097fa7", "side": "buy", "size": "0.00000598", "price": "1671.87", "product_id": "ETH-USD", "sequence": 99202252226, "time": "2026-06-12T18:41:00.494585Z"}
{"type": "match", "trade_id": 818247105, "maker_order_id": "d5f85592-a130-423c-84e2-fabd375ab24a", "taker_order_id": "7b066d76-a114-458f-b616-f5b9f5a06444", "side": "sell", "size": "0.01418075", "price": "1671.88", "product_id": "ETH-USD", "sequence": 99202252238, "time": "2026-06-12T18:41:00.718072Z"}
{"type": "match", "trade_id": 818247106, "maker_order_id": "d5f85592-a130-423c-84e2-fabd375ab24a", "taker_order_id": "f5be92b4-d20e-4ec7-9d42-30ea09cdf746", "side": "sell", "size": "0.34690138", "price": "1671.88", "product_id": "ETH-USD", "sequence": 99202252301, "time": "2026-06-12T18:41:00.768160Z"}
{"type": "match", "trade_id": 818247107, "maker_order_id": "3110442f-7963-4bea-8aa8-c370fc229e9e", "taker_order_id": "f5be92b4-d20e-4ec7-9d42-30ea09cdf746", "side": "sell", "size": "0.00219958", "price": "1671.88", "product_id": "ETH-USD", "sequence": 99202252303, "time": "2026-06-12T18:41:00.768160Z"}
{"type": "match", "trade_id": 818247108, "maker_order_id": "7678febb-5eb5-4a1c-9949-462d0dc24ce0", "taker_order_id": "93354c90-0c48-4d52-b430-821f4390c577", "side": "sell", "size": "0.001", "price": "1671.9", "product_id": "ETH-USD", "sequence": 99202252330, "time": "2026-06-12T18:41:00.771155Z"}
{"type": "match", "trade_id": 818247109, "maker_order_id": "8c5a47da-1d0c-485c-bd90-f58b85d455ae", "taker_order_id": "93354c90-0c48-4d52-b430-821f4390c577", "side": "sell", "size": "0.003283", "price": "1671.9", "product_id": "ETH-USD", "sequence": 99202252332, "time": "2026-06-12T18:41:00.771155Z"}
{"type": "match", "trade_id": 1037299463, "maker_order_id": "727bd91f-b444-4408-9ddc-839920849019", "taker_order_id": "e1bd32e5-39f2-4098-91e7-24ca66ec2e32", "side": "sell", "size": "0.01226956", "price": "63850.02", "product_id": "BTC-USD", "sequence": 130500270438, "time": "2026-06-12T18:41:00.771094Z"}
{"type": "match", "trade_id": 1037299464, "maker_order_id": "db098e0f-12e2-468a-8942-ebdf0277ffe2", "taker_order_id": "e1bd32e5-39f2-4098-91e7-24ca66ec2e32", "side": "sell", "size": "0.00234925", "price": "63850.02", "product_id": "BTC-USD", "sequence": 130500270440, "time": "2026-06-12T18:41:00.771094Z"}
{"type": "match", "trade_id": 1037299465, "maker_order_id": "d6d25e6a-5e5f-4fcb-8aed-fc3d46f427ab", "taker_order_id": "e1bd32e5-39f2-4098-91e7-24ca66ec2e32", "side": "sell", "size": "0.03529829", "price": "63850.02", "product_id": "BTC-USD", "sequence": 130500270442, "time": "2026-06-12T18:41:00.771094Z"}
{"type": "match", "trade_id": 1037299466, "maker_order_id": "92276639-3424-400f-bdca-138eb17138e3", "taker_order_id": "e1bd32e5-39f2-4098-91e7-24ca66ec2e32", "side": "sell", "size": "0.00023617", "price": "63850.02", "product_id": "BTC-USD", "sequence": 130500270444, "time": "2026-06-12T18:41:00.771094Z"}
{"type": "match", "trade_id": 1037299467, "maker_order_id": "8d6da28a-4ffd-46ce-9cd0-a1ce3858851d", "taker_order_id": "e1bd32e5-39f2-4098-91e7-24ca66ec2e32", "side": "sell", "size": "0.00020391", "price": "63850.02", "product_id": "BTC-USD", "sequence": 130500270446, "time": "2026-06-12T18:41:00.771094Z"}
{"type": "match", "trade_id": 1037299468, "maker_order_id": "47ce8765-397e-4947-a480-84bed1702a2d", "taker_order_id": "e1bd32e5-39f2-4098-91e7-24ca66ec2e32", "side": "sell", "size": "0.00017181", "price": "63850.3", "product_id": "BTC-USD", "sequence": 130500270448, "time": "2026-06-12T18:41:00.771094Z"}
{"type": "match", "trade_id": 1037299469, "maker_order_id": "47ce8765-397e-4947-a480-84bed1702a2d", "taker_order_id": "48720d7b-a1da-41aa-bdb7-80672430db4b", "side": "sell", "size": "0.00006726", "price": "63850.3", "product_id": "BTC-USD", "sequence": 130500270453, "time": "2026-06-12T18:41:00.771320Z"}
{"type": "match", "trade_id": 1037299470, "maker_order_id": "a2c3f04b-f93b-4bc2-acef-37a7cf922ee1", "taker_order_id": "48720d7b-a1da-41aa-bdb7-80672430db4b", "side": "sell", "size": "0.00006231", "price": "63850.3", "product_id": "BTC-USD", "sequence": 130500270455, "time": "2026-06-12T18:41:00.771320Z"}
{"type": "match", "trade_id": 1037299471, "maker_order_id": "2da7ad33-f647-41ea-91a2-880798c8caff", "taker_order_id": "48720d7b-a1da-41aa-bdb7-80672430db4b", "side": "sell", "size": "0.000018", "price": "63851.04", "product_id": "BTC-USD", "sequence": 130500270457, "time": "2026-06-12T18:41:00.771320Z"}
{"type": "match", "trade_id": 1037299472, "maker_order_id": "52d8ae68-0959-47a6-9f66-76eb14120776", "taker_order_id": "48720d7b-a1da-41aa-bdb7-80672430db4b", "side": "sell", "size": "0.0015651", "price": "63851.04", "product_id": "BTC-USD", "sequence": 130500270459, "time": "2026-06-12T18:41:00.771320Z"}
{"type": "match", "trade_id": 1037299473, "maker_order_id": "9a92dd46-69e7-4c21-837c-364fc970a1c0", "taker_order_id": "48720d7b-a1da-41aa-bdb7-80672430db4b", "side": "sell", "size": "0.00047229", "price": "63851.04", "product_id": "BTC-USD", "sequence": 130500270461, "time": "2026-06-12T18:41:00.771320Z"}
{"type": "match", "trade_id": 1037299474, "maker_order_id": "48a70c70-7f1a-46d8-a537-710e96c997fd", "taker_order_id": "48720d7b-a1da-41aa-bdb7-80672430db4b", "side": "sell", "size": "0.0432783", "price": "63852.09", "product_id": "BTC-USD", "sequence": 130500270463, "time": "2026-06-12T18:41:00.771320Z"}
{"type": "match", "trade_id": 818247110, "maker_order_id": "b7e9c4ca-1f6c-477d-828d-dc9f166e3500", "taker_order_id": "93eb6504-1045-4b08-9c4e-4468912395bd", "side": "buy", "size": "0.40608213", "price": "1671.95", "product_id": "ETH-USD", "sequence": 99202252674, "time": "2026-06-12T18:41:00.852748Z"}
{"type": "match", "trade_id": 818247111, "maker_order_id": "b7e9c4ca-1f6c-477d-828d-dc9f166e3500", "taker_order_id": "979084d4-1a72-4705-a926-f2b3ed0dd1d0", "side": "buy", "size": "0.59408213", "price": "1671.95", "product_id": "ETH-USD", "sequence": 99202252677, "time": "2026-06-12T18:41:00.853121Z"}
{"type": "match", "trade_id": 1037299475, "maker_order_id": "38b42712-cca5-4c07-9f23-6ef6f8d4ffc7", "taker_order_id": "a3520348-b54b-4d38-8db9-92573b4bee16", "side": "sell", "size": "0.000018", "price": "63854.23", "product_id": "BTC-USD", "sequence": 130500271193, "time": "2026-06-12T18:41:00.992576Z"}
{"type": "match", "trade_id": 1037299476, "maker_order_id": "e6455841-438c-41a4-a507-b5f36f0f6041", "taker_order_id": "a3520348-b54b-4d38-8db9-92573b4bee16", "side": "sell", "size": "0.00005953", "price": "63856.5", "product_id": "BTC-USD", "sequence": 130500271195, "time": "2026-06-12T18:41:00.992576Z"}
{"type": "match", "trade_id": 1037299477, "maker_order_id": "c3e189d3-ef6c-4e57-a234-72eca16d5e98", "taker_order_id": "8f05bdb7-4baf-44fa-a6ff-58bed03f88af", "side": "sell", "size": "0.00114156", "price": "63855.45", "product_id": "BTC-USD", "sequence": 130500271616, "time": "2026-06-12T18:41:01.300461Z"}
{"type": "match", "trade_id": 1037299478, "maker_order_id": "7238d75c-3c92-4f1c-90fb-7489df610ffd", "taker_order_id": "c8b92e93-573b-49e0-ae5b-d53049e0681a", "side": "buy", "size": "0.00000005", "price": "63855.44", "product_id": "BTC-USD", "sequence": 130500271876, "time": "2026-06-12T18:41:01.654509Z"}
{"type": "match", "trade_id": 818247112, "maker_order_id": "2a36a6f3-8638-45c1-9723-5a5cedc4a9e3", "taker_order_id": "14bdc83b-13d3-4475-9dbc-b105b47260dd", "side": "buy", "size": "0.14460644", "price": "1671.9", "product_id": "ETH-USD", "sequence": 99202252943, "time": "2026-06-12T18:41:01.837795Z"}
{"type": "match", "trade_id": 818247113, "maker_order_id": "6456a157-b45a-40c4-b201-fc5380599271", "taker_order_id": "734481d9-bec9-45c8-861b-557aca314f05", "side": "sell", "size": "0.05672893", "price": "1671.91", "product_id": "ETH-USD", "sequence": 99202252946, "time": "2026-06-12T18:41:01.855783Z"}
{"type": "match", "trade_id": 1037299479, "maker_order_id": "7238d75c-3c92-4f1c-90fb-7489df610ffd", "taker_order_id": "ebf1139c-ef4c-4e36-bd49-4b9a050d6c9b", "side": "buy", "size": "0.00979995", "price": "63855.44", "product_id": "BTC-USD", "sequence": 130500271993, "time": "2026-06-12T18:41:01.872246Z"}
{"type": "match", "trade_id": 1037299480, "maker_order_id": "3ce23461-2076-49c5-93d4-97f41844222c", "taker_order_id": "ebf1139c-ef4c-4e36-bd49-4b9a050d6c9b", "side": "buy", "size": "0.01392901", "price": "63855.44", "product_id": "BTC-USD", "sequence": 130500271995, "time": "2026-06-12T18:41:01.872246Z"}
{"type": "match", "trade_id": 1037299481, "maker_order_id": "3ce23461-2076-49c5-93d4-97f41844222c", "taker_order_id": "94174f54-5803-46ef-a2b9-0b6ceb1f6954", "side": "buy", "size": "0.00014598", "price": "63855.44", "product_id": "BTC-USD", "sequence": 130500272049, "time": "2026-06-12T18:41:01.998023Z"}
{"type": "match", "trade_id": 818247114, "maker_order_id": "6456a157-b45a-40c4-b201-fc5380599271", "taker_order_id": "8a959154-9498-4b90-8145-65d9b1908241", "side": "sell", "size": "0.11346192", "price": "1671.91", "product_id": "ETH-USD", "sequence": 99202252963, "time": "2026-06-12T18:41:02.143267Z"}
{"type": "match", "trade_id": 1037299482, "maker_order_id": "c3e189d3-ef6c-4e57-a234-72eca16d5e98", "taker_order_id": "c8770883-ec03-4856-bbd3-7f635dbc0980", "side": "sell", "size": "0.00076101", "price": "63855.45", "product_id": "BTC-USD", "sequence": 130500272154, "time": "2026-06-12T18:41:02.244828Z"}
{"type": "match", "trade_id": 1037299483, "maker_order_id": "c3e189d3-ef6c-4e57-a234-72eca16d5e98", "taker_order_id": "ef7d2a46-253b-417b-8f01-d510026a45c4", "side": "sell", "size": "0.00809743", "price": "63855.45", "product_id": "BTC-USD", "sequence": 130500272232, "time": "2026-06-12T18:41:02.428235Z"}
{"type": "match", "trade_id": 1037299484, "maker_order_id": "ec7734da-b960-48e3-96a6-a8489742a62d", "taker_order_id": "ef7d2a46-253b-417b-8f01-d510026a45c4", "side": "sell", "size": "0.00035423", "price": "63855.45", "product_id": "BTC-USD", "sequence": 130500272234, "time": "2026-06-12T18:41:02.428235Z"}
{"type": "match", "trade_id": 1037299485, "maker_order_id": "f1519b9b-b235-42b2-bfdb-823bee23f0e1", "taker_order_id": "ef7d2a46-253b-417b-8f01-d510026a45c4", "side": "sell", "size": "0.0000008", "price": "63855.48", "product_id": "BTC-USD", "sequence": 130500272236, "time": "2026-06-12T18:41:02.428235Z"}
{"type": "match", "trade_id": 1037299486, "maker_order_id": "0161c253-b612-435e-92a0-c2f95bd43310", "taker_order_id": "ef7d2a46-253b-417b-8f01-d510026a45c4", "side": "sell", "size": "0.00000084", "price": "63855.48", "product_id": "BTC-USD", "sequence": 130500272238, "time": "2026-06-12T18:41:02.428235Z"}
{"type": "match", "trade_id": 1037299487, "maker_order_id": "e73439da-867f-4a99-b04e-065ec25ccbe7", "taker_order_id": "ef7d2a46-253b-417b-8f01-d510026a45c4", "side": "sell", "size": "0.00274458", "price": "63857.41", "product_id": "BTC-USD", "sequence": 130500272240, "time": "2026-06-12T18:41:02.428235Z"}
{"type": "match", "trade_id": 1037299488, "maker_order_id": "4ca8b0f5-52e6-43b6-ae43-aa88676cfdb5", "taker_order_id": "6f612035-2172-4bea-aa3d-50fb8d7e496f", "side": "sell", "size": "0.00152195", "price": "63857.36", "product_id": "BTC-USD", "sequence": 130500272408, "time": "2026-06-12T18:41:02.525406Z"}
{"type": "match", "trade_id": 1037299489, "maker_order_id": "e1e6c654-735b-4b3f-b83e-7d675f8e8119", "taker_order_id": "a363a1ff-8756-4d51-bb55-bfb9edc77099", "side": "sell", "size": "0.00077528", "price": "63856.29", "product_id": "BTC-USD", "sequence": 130500272557, "time": "2026-06-12T18:41:02.640876Z"}
{"type": "match", "trade_id": 818247115, "maker_order_id": "6456a157-b45a-40c4-b201-fc5380599271", "taker_order_id": "71e6db5f-c496-4090-a024-3350c70fda7f", "side": "sell", "size": "0.00281346", "price": "1671.91", "product_id": "ETH-USD", "sequence": 99202253001, "time": "2026-06-12T18:41:02.651691Z"}
{"type": "match", "trade_id": 1037299490, "maker_order_id": "c20ba9f9-a1f2-453f-af40-5406b6d06d3f", "taker_order_id": "e58773c8-c160-432d-8c9c-0f1e63ce9f6b", "side": "sell", "size": "0.00193819", "price": "63856.14", "product_id": "BTC-USD", "sequence": 130500272611, "time": "2026-06-12T18:41:02.704285Z"}
{"type": "match", "trade_id": 818247116, "maker_order_id": "6456a157-b45a-40c4-b201-fc5380599271", "taker_order_id": "94a50298-919c-4677-9cbc-5f0d053ca4aa", "side": "sell", "size": "0.00283715", "price": "1671.91", "product_id": "ETH-USD", "sequence": 99202253039, "time": "2026-06-12T18:41:02.832048Z"}
{"type": "match", "trade_id": 1037299491, "maker_order_id": "b9f234c1-400b-48c1-9a22-640d6d122d11", "taker_order_id": "741461ea-4dee-4f91-89f1-fc2000086187", "side": "buy", "size": "0.00000011", "price": "63856.13", "product_id": "BTC-USD", "sequence": 130500272737, "time": "2026-06-12T18:41:02.852060Z"}
{"type": "match", "trade_id": 1037299492, "maker_order_id": "e87c9f23-4a16-439f-9954-9f42f43b022d", "taker_order_id": "fbefb2fc-0c58-4948-890e-387a432a3c07", "side": "sell", "size": "0.00076101", "price": "63856.14", "product_id": "BTC-USD", "sequence": 130500272775, "time": "2026-06-12T18:41:02.902558Z"}
{"type": "match", "trade_id": 1037299493, "maker_order_id": "b9f234c1-400b-48c1-9a22-640d6d122d11", "taker_order_id": "bf47d8e1-2eea-4a06-a474-0e626c5b4bce", "side": "buy", "size": "0.00000008", "price": "63856.13", "product_id": "BTC-USD", "sequence": 130500272779, "time": "2026-06-12T18:41:02.946947Z"}
{"type": "match", "trade_id": 1037299494, "maker_order_id": "e87c9f23-4a16-439f-9954-9f42f43b022d", "taker_order_id": "93d7f797-806d-4214-9d8b-7e1f34d28d17", "side": "sell", "size": "0.00007753", "price": "63856.14", "product_id": "BTC-USD", "sequence": 130500272887, "time": "2026-06-12T18:41:03.127277Z"}
{"type": "match", "trade_id": 1037299495, "maker_order_id": "e87c9f23-4a16-439f-9954-9f42f43b022d", "taker_order_id": "486b0ef2-aae8-4fee-91fc-d6a5334758ee", "side": "sell", "size": "0.00015506", "price": "63856.14", "product_id": "BTC-USD", "sequence": 130500272913, "time": "2026-06-12T18:41:03.179573Z"}
{"type": "match", "trade_id": 1037299496, "maker_order_id": "e87c9f23-4a16-439f-9954-9f42f43b022d", "taker_order_id": "72a4acd3-bf49-4d88-b761-37a7825c34fc", "side": "sell", "size": "0.00001551", "price": "63856.14", "product_id": "BTC-USD", "sequence": 130500272993, "time": "2026-06-12T18:41:03.300191Z"}
{"type": "match", "trade_id": 1037299497, "maker_order_id": "e87c9f23-4a16-439f-9954-9f42f43b022d", "taker_order_id": "4f15b338-a096-422b-ad64-79c03b2273f7", "side": "sell", "size": "0.00445676", "price": "63856.14", "product_id": "BTC-USD", "sequence": 130500273002, "time": "2026-06-12T18:41:03.315771Z"}
{"type": "match", "trade_id": 818247117, "maker_order_id": "fdd07c78-561e-4d4f-9820-92b725c4e190", "taker_order_id": "ca0f54a2-7c83-4e03-9d88-ab5a31a847a7", "side": "buy", "size": "0.05985258", "price": "1671.9", "product_id": "ETH-USD", "sequence": 99202253086, "time": "2026-06-12T18:41:03.326852Z"}
{"type": "match", "trade_id": 818247118, "maker_order_id": "5845c9a8-4bf8-43a0-a064-fc18c09e5949", "taker_order_id": "ca0f54a2-7c83-4e03-9d88-ab5a31a847a7", "side": "buy", "size": "0.30797259", "price": "1671.9", "product_id": "ETH-USD", "sequence": 99202253088, "time": "2026-06-12T18:41:03.326852Z"}
{"type": "match", "trade_id": 818247119, "maker_order_id": "f5ef4714-a75a-4670-b057-092937669063", "taker_order_id": "ca0f54a2-7c83-4e03-9d88-ab5a31a847a7", "side": "buy", "size": "0.27825696", "price": "1671.9", "product_id": "ETH-USD", "sequence": 99202253090, "time": "2026-06-12T18:41:03.326852Z"}
{"type": "match", "trade_id": 818247120, "maker_order_id": "f5ef4714-a75a-4670-b057-092937669063", "taker_order_id": "b95c8f06-f13a-4aca-9a03-602f5c812682", "side": "buy", "size": "0.35408213", "price": "1671.9", "product_id": "ETH-USD", "sequence": 99202253093, "time": "2026-06-12T18:41:03.326949Z"}
{"type": "match", "trade_id": 818247121, "maker_order_id": "f5ef4714-a75a-4670-b057-092937669063", "taker_order_id": "4281125d-0a8b-4e47-aae1-074e7005749c", "side": "buy", "size": "0.56369600", "price": "1671.9", "product_id": "ETH-USD", "sequence": 99202253111, "time": "2026-06-12T18:41:03.342546Z"}
{"type": "match", "trade_id": 818247122, "maker_order_id": "031f0bb3-6b90-43d1-a5ef-278d65accdcf", "taker_order_id": "4281125d-0a8b-4e47-aae1-074e7005749c", "side": "buy", "size": "0.32726665", "price": "1671.9", "product_id": "ETH-USD", "sequence": 99202253113, "time": "2026-06-12T18:41:03.342546Z"}
{"type": "match", "trade_id": 818247123, "maker_order_id": "b538dc84-04b1-459d-837f-4fcffbdbcfdc", "taker_order_id": "4281125d-0a8b-4e47-aae1-074e7005749c", "side": "buy", "size": "0.17311035", "price": "1671.9", "product_id": "ETH-USD", "sequence": 99202253115, "time": "2026-06-12T18:41:03.342546Z"}
{"type": "match", "trade_id": 818247124, "maker_order_id": "b538dc84-04b1-459d-837f-4fcffbdbcfdc", "taker_order_id": "e03e876a-91d6-4bb3-a9ee-732612d4a0f1", "side": "buy", "size": "0.00000085", "price": "1671.9", "product_id": "ETH-USD", "sequence": 99202253122, "time": "2026-06-12T18:41:03.350514Z"}
{"type": "match", "trade_id": 818247125, "maker_order_id": "258ee923-278e-4177-96ad-3daa295b853a", "taker_order_id": "e03e876a-91d6-4bb3-a9ee-732612d4a0f1", "side": "buy", "size": "0.1731112", "price": "1671.9", "product_id": "ETH-USD", "sequence": 99202253124, "time": "2026-06-12T18:41:03.350514Z"}
{"type": "match", "trade_id": 818247126, "maker_order_id": "43ce20d1-25a8-4eb6-a853-883e7e70a301", "taker_order_id": "e03e876a-91d6-4bb3-a9ee-732612d4a0f1", "side": "buy", "size": "0.47197008", "price": "1671.9", "product_id": "ETH-USD", "sequence": 99202253126, "time": "2026-06-12T18:41:03.350514Z"}
{"type": "match", "trade_id": 818247127, "maker_order_id": "43ce20d1-25a8-4eb6-a853-883e7e70a301", "taker_order_id": "87be72cd-16b7-4522-b55c-450ec3c30e37", "side": "buy", "size": "0.35508213", "price": "1671.9", "product_id": "ETH-USD", "sequence": 99202253129, "time": "2026-06-12T18:41:03.350648Z"}
{"type": "match", "trade_id": 1037299498, "maker_order_id": "e87c9f23-4a16-439f-9954-9f42f43b022d", "taker_order_id": "6df2ea04-0eae-4449-a94b-d243600820d5", "side": "sell", "size": "0.00015118", "price": "63856.14", "product_id": "BTC-USD", "sequence": 130500273045, "time": "2026-06-12T18:41:03.359377Z"}
{"type": "match", "trade_id": 818247128, "maker_order_id": "123fd34c-8ca8-44e8-909b-42e8df924cde", "taker_order_id": "7a7027a8-10b7-48ab-ac1d-894d1f8acdcf", "side": "sell", "size": "0.14807768", "price": "1671.88", "product_id": "ETH-USD", "sequence": 99202253154, "time": "2026-06-12T18:41:03.364589Z"}
{"type": "match", "trade_id": 818247129, "maker_order_id": "7e3af5aa-e310-4ac6-8532-68b15f9f9e2d", "taker_order_id": "5f87ef85-f18a-4a81-a367-a4dc3fced4f5", "side": "buy", "size": "0.35408213", "price": "1671.76", "product_id": "ETH-USD", "sequence": 99202253213, "time": "2026-06-12T18:41:03.385130Z"}
{"type": "match", "trade_id": 818247130, "maker_order_id": "7e3af5aa-e310-4ac6-8532-68b15f9f9e2d", "taker_order_id": "6336a1ec-30ad-432e-ba8f-1566f93480eb", "side": "buy", "size": "0.64608213", "price": "1671.76", "product_id": "ETH-USD", "sequence": 99202253216, "time": "2026-06-12T18:41:03.385299Z"}
{"type": "match", "trade_id": 1037299499, "maker_order_id": "b9f234c1-400b-48c1-9a22-640d6d122d11", "taker_order_id": "6749edc4-08cc-47ac-984b-95b97180e736", "side": "buy", "size": "0.00464110", "price": "63856.13", "product_id": "BTC-USD", "sequence": 130500273116, "time": "2026-06-12T18:41:03.387897Z"}
{"type": "match", "trade_id": 1037299500, "maker_order_id": "a60d61ff-b8cf-449f-ae1b-f03fd0a43cca", "taker_order_id": "6749edc4-08cc-47ac-984b-95b97180e736", "side": "buy", "size": "0.00002174", "price": "63856.13", "product_id": "BTC-USD", "sequence": 130500273118, "time": "2026-06-12T18:41:03.387897Z"}
{"type": "match", "trade_id": 1037299501, "maker_order_id": "937d3b13-3268-46a0-bd3c-2b5524fbc8f6", "taker_order_id": "6749edc4-08cc-47ac-984b-95b97180e736", "side": "buy", "size": "0.0086471", "price": "63856.13", "product_id": "BTC-USD", "sequence": 130500273120, "time": "2026-06-12T18:41:03.387897Z"}
{"type": "match", "trade_id": 1037299502, "maker_order_id": "f4267957-4043-4795-a571-f63f99dc53fa", "taker_order_id": "b827c929-68dd-42b5-b69b-b69dccaa93ad", "side": "buy", "size": "0.00000092", "price": "63855.4", "product_id": "BTC-USD", "sequence": 130500273124, "time": "2026-06-12T18:41:03.388139Z"}
{"type": "match", "trade_id": 1037299503, "maker_order_id": "f6095ead-4563-4302-a0d6-d08091e5f319", "taker_order_id": "b827c929-68dd-42b5-b69b-b69dccaa93ad", "side": "buy", "size": "0.00000101", "price": "63855.4", "product_id": "BTC-USD", "sequence": 130500273126, "time": "2026-06-12T18:41:03.388139Z"}
{"type": "match", "trade_id": 1037299504, "maker_order_id": "61740c20-45fd-4c8e-900b-4f23060d4638", "taker_order_id": "b827c929-68dd-42b5-b69b-b69dccaa93ad", "side": "buy", "size": "0.00046982", "price": "63854.5", "product_id": "BTC-USD", "sequence": 130500273128, "time": "2026-06-12T18:41:03.388139Z"}
{"type": "match", "trade_id": 1037299505, "maker_order_id": "35bf80f0-2d4f-4b46-8fd8-661f902d248d", "taker_order_id": "b827c929-68dd-42b5-b69b-b69dccaa93ad", "side": "buy", "size": "0.00024775", "price": "63854.22", "product_id": "BTC-USD", "sequence": 130500273130, "time": "2026-06-12T18:41:03.388139Z"}
{"type": "match", "trade_id": 1037299506, "maker_order_id": "2f7ca91b-fb0f-45b2-84a3-f2781a2cbe97", "taker_order_id": "b827c929-68dd-42b5-b69b-b69dccaa93ad", "side": "buy", "size": "0.00007736", "price": "63854.22", "product_id": "BTC-USD", "sequence": 130500273132, "time": "2026-06-12T18:41:03.388139Z"}
{"type": "match", "trade_id": 1037299507, "maker_order_id": "af017947-bd8b-4c2f-9a23-6292ae22f791", "taker_order_id": "b827c929-68dd-42b5-b69b-b69dccaa93ad", "side": "buy", "size": "0.03915225", "price": "63853.28", "product_id": "BTC-USD", "sequence": 130500273134, "time": "2026-06-12T18:41:03.388139Z"}
{"type": "match", "trade_id": 1037299508, "maker_order_id": "dd14a1ba-0a58-4f37-a1c2-3dc2cfb24cae", "taker_order_id": "b827c929-68dd-42b5-b69b-b69dccaa93ad", "side": "buy", "size": "0.01486121", "price": "63853.28", "product_id": "BTC-USD", "sequence": 130500273136, "time": "2026-06-12T18:41:03.388139Z"}
{"type": "match", "trade_id": 1037299509, "maker_order_id": "fb8704b0-7499-4a93-bed1-b4c36dba0712", "taker_order_id": "b827c929-68dd-42b5-b69b-b69dccaa93ad", "side": "buy", "size": "0.01566066", "price": "63853.27", "product_id": "BTC-USD", "sequence": 130500273138, "time": "2026-06-12T18:41:03.388139Z"}
{"type": "match", "trade_id": 1037299510, "maker_order_id": "953234da-8a01-43d2-9362-7bcf8eaae2cc", "taker_order_id": "b827c929-68dd-42b5-b69b-b69dccaa93ad", "side": "buy", "size": "0.01566066", "price": "63853.26", "product_id": "BTC-USD", "sequence": 130500273140, "time": "2026-06-12T18:41:03.388139Z"}
{"type": "match", "trade_id": 1037299511, "maker_order_id": "7d5425b4-d128-4cba-bd41-a02d9e548554", "taker_order_id": "b827c929-68dd-42b5-b69b-b69dccaa93ad", "side": "buy", "size": "0.00078301", "price": "63852.18", "product_id": "BTC-USD", "sequence": 130500273142, "time": "2026-06-12T18:41:03.388139Z"}
{"type": "match", "trade_id": 1037299512, "maker_order_id": "3c958652-5a82-4105-9050-eced0ae61aba", "taker_order_id": "b827c929-68dd-42b5-b69b-b69dccaa93ad", "side": "buy", "size": "0.04", "price": "63851.84", "product_id": "BTC-USD", "sequence": 130500273144, "time": "2026-06-12T18:41:03.388139Z"}
{"type": "match", "trade_id": 1037299513, "maker_order_id": "5ff31731-4574-45c3-a26a-5a895eaf708d", "taker_order_id": "b827c929-68dd-42b5-b69b-b69dccaa93ad", "side": "buy", "size": "0.02", "price": "63851.84", "product_id": "BTC-USD", "sequence": 130500273146, "time": "2026-06-12T18:41:03.388139Z"}
{"type": "match", "trade_id": 1037299514, "maker_order_id": "02db1f1d-2cd1-45d4-a510-81b4d3e12589", "taker_order_id": "6f8f5177-a68b-4213-8684-18ea6ae94ad5", "side": "buy", "size": "0.03915293", "price": "63852.18", "product_id": "BTC-USD", "sequence": 130500273235, "time": "2026-06-12T18:41:03.392730Z"}
{"type": "match", "trade_id": 1037299515, "maker_order_id": "e8f517e2-324a-4dd6-af27-6ce6dada3372", "taker_order_id": "6f8f5177-a68b-4213-8684-18ea6ae94ad5", "side": "buy", "size": "0.02256337", "price": "63850.71", "product_id": "BTC-USD", "sequence": 130500273237, "time": "2026-06-12T18:41:03.392730Z"}
{"type": "match", "trade_id": 818247131, "maker_order_id": "43e390bd-98fe-410d-b9ea-b4fcecf52e5f", "taker_order_id": "11e920da-9613-4293-bec8-7a914a2dc6d8", "side": "buy", "size": "0.001", "price": "1671.7", "product_id": "ETH-USD", "sequence": 99202253562, "time": "2026-06-12T18:41:03.409897Z"}
{"type": "match", "trade_id": 818247132, "maker_order_id": "3f1c0009-4cd5-46da-b0d3-69a8dab9d06a", "taker_order_id": "11e920da-9613-4293-bec8-7a914a2dc6d8", "side": "buy", "size": "0.5", "price": "1671.67", "product_id": "ETH-USD", "sequence": 99202253564, "time": "2026-06-12T18:41:03.409897Z"}
{"type": "match", "trade_id": 1037299516, "maker_order_id": "4589e42c-bec7-478b-bffd-1a6f0e9c48b7", "taker_order_id": "8f17b36e-0ac3-42e3-bf18-434eea74ca0a", "side": "buy", "size": "0.00078301", "price": "63852.2", "product_id": "BTC-USD", "sequence": 130500273556, "time": "2026-06-12T18:41:03.430313Z"}
{"type": "match", "trade_id": 1037299517, "maker_order_id": "ad45c371-8c62-410c-be29-2782c7f4780c", "taker_order_id": "691661b1-92e3-4b89-8121-9562fada7259", "side": "sell", "size": "0.00016343", "price": "63852.21", "product_id": "BTC-USD", "sequence": 130500273576, "time": "2026-06-12T18:41:03.432712Z"}
{"type": "match", "trade_id": 818247133, "maker_order_id": "38f2cc82-f424-43ba-93c9-60b51d8b7e83", "taker_order_id": "7305f606-8c56-48a1-be3e-137fb221d3e8", "side": "sell", "size": "0.37197486", "price": "1671.64", "product_id": "ETH-USD", "sequence": 99202253663, "time": "2026-06-12T18:41:03.437150Z"}
{"type": "match", "trade_id": 818247134, "maker_order_id": "03a3da34-c300-4c4e-95df-f15b6ad5f66d", "taker_order_id": "d436cb18-0f28-4119-b7e6-99ca899ca54f", "side": "buy", "size": "0.41401256", "price": "1671.83", "product_id": "ETH-USD", "sequence": 99202253910, "time": "2026-06-12T18:41:03.492184Z"}
{"type": "match", "trade_id": 818247135, "maker_order_id": "cc88e880-5e3b-47ec-a6cf-6d1aec4bbb62", "taker_order_id": "9219ddaa-380c-480a-8861-69248228dfee", "side": "sell", "size": "2.01343213", "price": "1671.82", "product_id": "ETH-USD", "sequence": 99202253937, "time": "2026-06-12T18:41:03.496200Z"}
{"type": "match", "trade_id": 818247136, "maker_order_id": "cc88e880-5e3b-47ec-a6cf-6d1aec4bbb62", "taker_order_id": "a858a05d-60d5-4f04-bc79-15ba8d125201", "side": "sell", "size": "1.17256787", "price": "1671.82", "product_id": "ETH-USD", "sequence": 99202253940, "time": "2026-06-12T18:41:03.496207Z"}
{"type": "match", "trade_id": 818247137, "maker_order_id": "fe6fcf55-942a-4ed4-ba81-d8ef60a3ed86", "taker_order_id": "a858a05d-60d5-4f04-bc79-15ba8d125201", "side": "sell", "size": "0.84086426", "price": "1671.84", "product_id": "ETH-USD", "sequence": 99202253942, "time": "2026-06-12T18:41:03.496207Z"}
{"type": "match", "trade_id": 818247138, "maker_order_id": "fe6fcf55-942a-4ed4-ba81-d8ef60a3ed86", "taker_order_id": "5f69137b-69c7-4b6e-be92-1fdcefcccf63", "side": "sell", "size": "0.10522939", "price": "1671.84", "product_id": "ETH-USD", "sequence": 99202253945, "time": "2026-06-12T18:41:03.496342Z"}
{"type": "match", "trade_id": 818247139, "maker_order_id": "44666be0-328c-4c2b-8011-d0f178397230", "taker_order_id": "5f69137b-69c7-4b6e-be92-1fdcefcccf63", "side": "sell", "size": "1.06733848", "price": "1671.84", "product_id": "ETH-USD", "sequence": 99202253947, "time": "2026-06-12T18:41:03.496342Z"}
{"type": "match", "trade_id": 1037299518, "maker_order_id": "66bafd48-71dd-4e0d-87f0-a6aeee7e1eb2", "taker_order_id": "2ed44214-1db8-42f7-a355-8200ca8de930", "side": "sell", "size": "0.00003101", "price": "63856.01", "product_id": "BTC-USD", "sequence": 130500275485, "time": "2026-06-12T18:41:03.861333Z"}
{"type": "match", "trade_id": 1037299519, "maker_order_id": "947b9c88-495c-4bdd-af81-5a5b71afdc17", "taker_order_id": "b02a1671-84c4-48ab-91d1-2b00edf4d0db", "side": "buy", "size": "0.00000005", "price": "63856", "product_id": "BTC-USD", "sequence": 130500275520, "time": "2026-06-12T18:41:03.882160Z"}
{"type": "match", "trade_id": 1037299520, "maker_order_id": "66bafd48-71dd-4e0d-87f0-a6aeee7e1eb2", "taker_order_id": "0e941946-4489-4dfa-93a9-5fe00c7cceb7", "side": "sell", "size": "0.00030437", "price": "63856.01", "product_id": "BTC-USD", "sequence": 130500275527, "time": "2026-06-12T18:41:03.909388Z"}
{"type": "match", "trade_id": 1037299521, "maker_order_id": "66bafd48-71dd-4e0d-87f0-a6aeee7e1eb2", "taker_order_id": "a86e2797-f44e-458a-9bc2-bb08d9b3a3cd", "side": "sell", "size": "0.0002971", "price": "63856.01", "product_id": "BTC-USD", "sequence": 130500275602, "time": "2026-06-12T18:41:03.940400Z"}
{"type": "match", "trade_id": 1037299522, "maker_order_id": "d003ca01-2e12-42b3-aeba-afb960fe7494", "taker_order_id": "3c3c31b5-b697-413d-9bd6-db4c9dbb7c49", "side": "sell", "size": "0.0003", "price": "63854.93", "product_id": "BTC-USD", "sequence": 130500276254, "time": "2026-06-12T18:41:04.366982Z"}
{"type": "match", "trade_id": 1037299523, "maker_order_id": "d003ca01-2e12-42b3-aeba-afb960fe7494", "taker_order_id": "673fffb8-4507-40b3-b03d-ca4f9f112146", "side": "sell", "size": "0.00005423", "price": "63854.93", "product_id": "BTC-USD", "sequence": 130500276258, "time": "2026-06-12T18:41:04.367837Z"}
{"type": "match", "trade_id": 818247140, "maker_order_id": "c18db4a2-3996-474d-9cd4-fce2f677997e", "taker_order_id": "70eb9c1f-9d20-4f30-856d-fe5dad03f1f3", "side": "sell", "size": "0.001", "price": "1671.9", "product_id": "ETH-USD", "sequence": 99202255450, "time": "2026-06-12T18:41:04.373540Z"}
{"type": "match", "trade_id": 1037299524, "maker_order_id": "04808a11-ea22-429c-8dc3-fdca1e0cd984", "taker_order_id": "aeea7e58-5f49-4b04-830a-4b27fd2072d8", "side": "sell", "size": "0.000018", "price": "63857.42", "product_id": "BTC-USD", "sequence": 130500276316, "time": "2026-06-12T18:41:04.373947Z"}
{"type": "match", "trade_id": 1037299525, "maker_order_id": "5b450835-9911-4631-b07f-5f671fbca046", "taker_order_id": "aeea7e58-5f49-4b04-830a-4b27fd2072d8", "side": "sell", "size": "0.05", "price": "63857.5", "product_id": "BTC-USD", "sequence": 130500276318, "time": "2026-06-12T18:41:04.373947Z"}
{"type": "match", "trade_id": 818247141, "maker_order_id": "71cc4807-d9b7-4fdb-aacc-a91568c9c633", "taker_order_id": "bb0cda12-3cb0-4815-803c-d6dd24b155d2", "side": "sell", "size": "0.001", "price": "1672", "product_id": "ETH-USD", "sequence": 99202255513, "time": "2026-06-12T18:41:04.380478Z"}
{"type": "match", "trade_id": 818247142, "maker_order_id": "03c8114e-f994-4771-9c84-04bf344ce23b", "taker_order_id": "fea927e7-758a-4ebc-9d9c-8e2530d8ad59", "side": "sell", "size": "0.001", "price": "1672.1", "product_id": "ETH-USD", "sequence": 99202255611, "time": "2026-06-12T18:41:04.392901Z"}
{"type": "match", "trade_id": 818247143, "maker_order_id": "362d4ab0-88b1-4da4-b34e-b28b891b407f", "taker_order_id": "0f4fd522-542c-4fd7-8ec9-b6dc7bc20094", "side": "sell", "size": "0.52780514", "price": "1672.16", "product_id": "ETH-USD", "sequence": 99202255718, "time": "2026-06-12T18:41:04.405073Z"}
{"type": "match", "trade_id": 1037299526, "maker_order_id": "c3e8b59b-c9d2-4857-87e4-dff63e8eceae", "taker_order_id": "82b1cc71-d1f2-40aa-95a6-64c343efc77e", "side": "sell", "size": "0.0097", "price": "63859.33", "product_id": "BTC-USD", "sequence": 130500276474, "time": "2026-06-12T18:41:04.405631Z"}
{"type": "match", "trade_id": 818247144, "maker_order_id": "9d8393e1-8ed8-4e99-8f87-5df9ca535f4c", "taker_order_id": "5b420e2c-5e5f-4fa9-a862-77dbef0deec7", "side": "sell", "size": "1", "price": "1672.18", "product_id": "ETH-USD", "sequence": 99202255773, "time": "2026-06-12T18:41:04.411349Z"}
{"type": "match", "trade_id": 1037299527, "maker_order_id": "2323095f-3762-459c-ad66-7cd64970f447", "taker_order_id": "aa0d02a9-5298-4079-9737-e0468d0e40b7", "side": "sell", "size": "0.000018", "price": "63860.61", "product_id": "BTC-USD", "sequence": 130500276538, "time": "2026-06-12T18:41:04.411400Z"}
{"type": "match", "trade_id": 1037299528, "maker_order_id": "b7170926-a746-4e5f-82ba-d15c1c8ef64f", "taker_order_id": "aa0d02a9-5298-4079-9737-e0468d0e40b7", "side": "sell", "size": "0.05", "price": "63861.44", "product_id": "BTC-USD", "sequence": 130500276540, "time": "2026-06-12T18:41:04.411400Z"}
{"type": "match", "trade_id": 818247145, "maker_order_id": "6d22843b-a02b-4998-bc07-a43399ea5517", "taker_order_id": "f7e61901-3d56-4b98-b185-6bbb8887b9e2", "side": "sell", "size": "1.24695929", "price": "1672.19", "product_id": "ETH-USD", "sequence": 99202255778, "time": "2026-06-12T18:41:04.411411Z"}
{"type": "match", "trade_id": 818247146, "maker_order_id": "77e6f47c-6bce-4c44-9dd1-a9427d77dfe2", "taker_order_id": "f7e61901-3d56-4b98-b185-6bbb8887b9e2", "side": "sell", "size": "0.001", "price": "1672.2", "product_id": "ETH-USD", "sequence": 99202255780, "time": "2026-06-12T18:41:04.411411Z"}
{"type": "match", "trade_id": 818247147, "maker_order_id": "687e1b82-44e2-411f-b49c-009e493baf47", "taker_order_id": "4a0656ea-c452-430f-956d-8e1fd96bea42", "side": "sell", "size": "0.001", "price": "1672.3", "product_id": "ETH-USD", "sequence": 99202255810, "time": "2026-06-12T18:41:04.413594Z"}
{"type": "match", "trade_id": 818247148, "maker_order_id": "b3ed97a9-74c7-4c7d-aa1d-cd100a59ff26", "taker_order_id": "4a0656ea-c452-430f-956d-8e1fd96bea42", "side": "sell", "size": "0.8940048", "price": "1672.32", "product_id": "ETH-USD", "sequence": 99202255812, "time": "2026-06-12T18:41:04.413594Z"}
{"type": "match", "trade_id": 818247149, "maker_order_id": "8a586053-a286-453e-b05a-dbd4f38e238e", "taker_order_id": "83bb7aab-a65c-4da1-b7a8-2f54bdaba536", "side": "sell", "size": "0.00052916", "price": "1672.37", "product_id": "ETH-USD", "sequence": 99202256094, "time": "2026-06-12T18:41:04.445734Z"}
{"type": "match", "trade_id": 1037299529, "maker_order_id": "b341c661-0435-485f-8946-ec6ce9c0cb95", "taker_order_id": "1836503d-8b95-443a-87e3-863d0ea838dc", "side": "buy", "size": "0.00000008", "price": "63863.39", "product_id": "BTC-USD", "sequence": 130500276890, "time": "2026-06-12T18:41:04.455081Z"}
{"type": "match", "trade_id": 1037299530, "maker_order_id": "97ecaed5-01d4-4645-b6da-12c008adb9be", "taker_order_id": "863689ea-1e88-4907-b012-74f5d945a667", "side": "sell", "size": "0.00052149", "price": "63863.4", "product_id": "BTC-USD", "sequence": 130500277180, "time": "2026-06-12T18:41:04.499236Z"}
{"type": "match", "trade_id": 1037299531, "maker_order_id": "322b7293-a310-46e4-ae2f-312082136956", "taker_order_id": "9e2da9a7-0a4c-4f85-a5f7-1325a84a2ed7", "side": "sell", "size": "0.000018", "price": "63863.8", "product_id": "BTC-USD", "sequence": 130500277267, "time": "2026-06-12T18:41:04.511077Z"}
{"type": "match", "trade_id": 1037299532, "maker_order_id": "51465c4e-314a-4ac4-86a7-47e2a69a3c86", "taker_order_id": "9e2da9a7-0a4c-4f85-a5f7-1325a84a2ed7", "side": "sell", "size": "0.01", "price": "63865", "product_id": "BTC-USD", "sequence": 130500277269, "time": "2026-06-12T18:41:04.511077Z"}
{"type": "match", "trade_id": 1037299533, "maker_order_id": "7aad4a96-f1e4-43a8-9677-4a3b7802bec9", "taker_order_id": "5aa4851e-a947-446e-954f-6285187257be", "side": "sell", "size": "0.000018", "price": "63866.99", "product_id": "BTC-USD", "sequence": 130500277543, "time": "2026-06-12T18:41:04.550929Z"}
{"type": "match", "trade_id": 1037299534, "maker_order_id": "fc438d1f-7b92-4536-92a7-63552110902b", "taker_order_id": "5aa4851e-a947-446e-954f-6285187257be", "side": "sell", "size": "0.0007573", "price": "63869.79", "product_id": "BTC-USD", "sequence": 130500277545, "time": "2026-06-12T18:41:04.550929Z"}
{"type": "match", "trade_id": 1037299535, "maker_order_id": "fc438d1f-7b92-4536-92a7-63552110902b", "taker_order_id": "8735c97a-3929-46d6-a9a5-9b647e988114", "side": "sell", "size": "0.01326109", "price": "63869.79", "product_id": "BTC-USD", "sequence": 130500277859, "time": "2026-06-12T18:41:04.631710Z"}
{"type": "match", "trade_id": 1037299536, "maker_order_id": "fc438d1f-7b92-4536-92a7-63552110902b", "taker_order_id": "780f51bd-b17c-425a-873e-282d6b644baf", "side": "sell", "size": "0.09686941", "price": "63869.79", "product_id": "BTC-USD", "sequence": 130500277863, "time": "2026-06-12T18:41:04.632007Z"}
{"type": "match", "trade_id": 818247150, "maker_order_id": "f963ec51-9bfd-4909-9b37-d7ef0ecc6a5e", "taker_order_id": "d01ba00e-d385-4ef3-a3f2-a126859adb23", "side": "buy", "size": "0.30612", "price": "1672.36", "product_id": "ETH-USD", "sequence": 99202256606, "time": "2026-06-12T18:41:04.637234Z"}
{"type": "match", "trade_id": 818247151, "maker_order_id": "e1116272-76b6-4cd9-a335-611cbb0559f2", "taker_order_id": "d01ba00e-d385-4ef3-a3f2-a126859adb23", "side": "buy", "size": "0.20727086", "price": "1672.35", "product_id": "ETH-USD", "sequence": 99202256608, "time": "2026-06-12T18:41:04.637234Z"}
{"type": "match", "trade_id": 818247152, "maker_order_id": "b2575624-fcda-4160-89ee-48ba7c09c62f", "taker_order_id": "d01ba00e-d385-4ef3-a3f2-a126859adb23", "side": "buy", "size": "0.12169127", "price": "1672.35", "product_id": "ETH-USD", "sequence": 99202256610, "time": "2026-06-12T18:41:04.637234Z"}
{"type": "match", "trade_id": 818247153, "maker_order_id": "b2575624-fcda-4160-89ee-48ba7c09c62f", "taker_order_id": "4b30b269-6fde-48e3-a7a3-f24a927c5020", "side": "buy", "size": "0.17830873", "price": "1672.35", "product_id": "ETH-USD", "sequence": 99202256619, "time": "2026-06-12T18:41:04.637439Z"}
{"type": "match", "trade_id": 1037299537, "maker_order_id": "4d2fac76-ebce-4322-ae0f-c606b2ca144d", "taker_order_id": "0f64d230-0abb-4605-8010-bbff423899c7", "side": "buy", "size": "0.01486121", "price": "63867.07", "product_id": "BTC-USD", "sequence": 130500278087, "time": "2026-06-12T18:41:04.659895Z"}
{"type": "match", "trade_id": 1037299538, "maker_order_id": "5b9168ea-9217-4fa6-bb48-d633e10d80f4", "taker_order_id": "0f64d230-0abb-4605-8010-bbff423899c7", "side": "buy", "size": "0.08589264", "price": "63867.06", "product_id": "BTC-USD", "sequence": 130500278089, "time": "2026-06-12T18:41:04.659895Z"}
{"type": "match", "trade_id": 1037299539, "maker_order_id": "e080064a-3dc7-4796-9a2e-998bb1aa7f17", "taker_order_id": "0f64d230-0abb-4605-8010-bbff423899c7", "side": "buy", "size": "0.00309374", "price": "63866.99", "product_id": "BTC-USD", "sequence": 130500278091, "time": "2026-06-12T18:41:04.659895Z"}
{"type": "match", "trade_id": 1037299540, "maker_order_id": "af718a98-ab9f-4d5d-9f6e-0f1f25a6dba8", "taker_order_id": "0f64d230-0abb-4605-8010-bbff423899c7", "side": "buy", "size": "0.12526094", "price": "63866.67", "product_id": "BTC-USD", "sequence": 130500278093, "time": "2026-06-12T18:41:04.659895Z"}
{"type": "match", "trade_id": 818247154, "maker_order_id": "defcba0c-0d17-41bd-bb46-b186e82d07bd", "taker_order_id": "b812af3d-41e7-41ee-b86a-ed695ad8773b", "side": "buy", "size": "0.02590886", "price": "1672.27", "product_id": "ETH-USD", "sequence": 99202256810, "time": "2026-06-12T18:41:04.660570Z"}
{"type": "match", "trade_id": 818247155, "maker_order_id": "a50da863-6fc0-42cd-91f2-ceb8f1b633c4", "taker_order_id": "b812af3d-41e7-41ee-b86a-ed695ad8773b", "side": "buy", "size": "0.02590886", "price": "1672.27", "product_id": "ETH-USD", "sequence": 99202256812, "time": "2026-06-12T18:41:04.660570Z"}
{"type": "match", "trade_id": 818247156, "maker_order_id": "ce33061f-88a7-4448-b4c1-03ceebb6ffdf", "taker_order_id": "b812af3d-41e7-41ee-b86a-ed695ad8773b", "side": "buy", "size": "0.00033431", "price": "1672.27", "product_id": "ETH-USD", "sequence": 99202256814, "time": "2026-06-12T18:41:04.660570Z"}
{"type": "match", "trade_id": 1037299541, "maker_order_id": "aba96fb7-9862-4940-8832-001399ff4ab0", "taker_order_id": "75f01078-e052-4ce9-bea0-cef1cdd8fd07", "side": "sell", "size": "0.0098", "price": "63867.08", "product_id": "BTC-USD", "sequence": 130500278107, "time": "2026-06-12T18:41:04.661732Z"}
{"type": "match", "trade_id": 1037299542, "maker_order_id": "ab88eb59-89e1-4e8d-ab52-b4c36edec900", "taker_order_id": "75f01078-e052-4ce9-bea0-cef1cdd8fd07", "side": "sell", "size": "0.15797", "price": "63867.08", "product_id": "BTC-USD", "sequence": 130500278109, "time": "2026-06-12T18:41:04.661732Z"}
{"type": "match", "trade_id": 1037299543, "maker_order_id": "2e5e6666-965d-4945-a2af-e0cefcf6cc8d", "taker_order_id": "75f01078-e052-4ce9-bea0-cef1cdd8fd07", "side": "sell", "size": "0.0098", "price": "63868.48", "product_id": "BTC-USD", "sequence": 130500278111, "time": "2026-06-12T18:41:04.661732Z"}
{"type": "match", "trade_id": 1037299544, "maker_order_id": "fc438d1f-7b92-4536-92a7-63552110902b", "taker_order_id": "75f01078-e052-4ce9-bea0-cef1cdd8fd07", "side": "sell", "size": "0.04515637", "price": "63869.79", "product_id": "BTC-USD", "sequence": 130500278113, "time": "2026-06-12T18:41:04.661732Z"}
{"type": "match", "trade_id": 1037299545, "maker_order_id": "00553aa0-52bb-421c-9c56-238feaac1824", "taker_order_id": "75f01078-e052-4ce9-bea0-cef1cdd8fd07", "side": "sell", "size": "0.08914563", "price": "63869.79", "product_id": "BTC-USD", "sequence": 130500278115, "time": "2026-06-12T18:41:04.661732Z"}
{"type": "match", "trade_id": 818247157, "maker_order_id": "4c9c0c80-f184-4c86-a8d6-ffbec588adf5", "taker_order_id": "40286e5c-d065-4259-b1e2-d7e2cd957885", "side": "sell", "size": "1.19496", "price": "1672.24", "product_id": "ETH-USD", "sequence": 99202256877, "time": "2026-06-12T18:41:04.666599Z"}
{"type": "match", "trade_id": 818247158, "maker_order_id": "13793b4b-f167-4d57-9793-d87c1c02adc4", "taker_order_id": "40286e5c-d065-4259-b1e2-d7e2cd957885", "side": "sell", "size": "3.186", "price": "1672.24", "product_id": "ETH-USD", "sequence": 99202256879, "time": "2026-06-12T18:41:04.666599Z"}
{"type": "match", "trade_id": 818247159, "maker_order_id": "2e63d8af-c0b6-414b-ac84-6a329c474421", "taker_order_id": "40286e5c-d065-4259-b1e2-d7e2cd957885", "side": "sell", "size": "0.04653418", "price": "1672.27", "product_id": "ETH-USD", "sequence": 99202256881, "time": "2026-06-12T18:41:04.666599Z"}
{"type": "match", "trade_id": 818247160, "maker_order_id": "1fcbd096-86e1-46c9-abe5-9d9bd9a74b53", "taker_order_id": "40286e5c-d065-4259-b1e2-d7e2cd957885", "side": "sell", "size": "0.04653418", "price": "1672.27", "product_id": "ETH-USD", "sequence": 99202256883, "time": "2026-06-12T18:41:04.666599Z"}
{"type": "match", "trade_id": 818247161, "maker_order_id": "c66cfd47-26b2-4d20-a20f-3d6bef8faab6", "taker_order_id": "09dfacee-139b-462b-a397-90cd747200d3", "side": "sell", "size": "0.10857974", "price": "1672.27", "product_id": "ETH-USD", "sequence": 99202256887, "time": "2026-06-12T18:41:04.666640Z"}
{"type": "match", "trade_id": 818247162, "maker_order_id": "4f064b5d-082d-48cb-9026-ce5d725e5ba5", "taker_order_id": "09dfacee-139b-462b-a397-90cd747200d3", "side": "sell", "size": "0.01312159", "price": "1672.27", "product_id": "ETH-USD", "sequence": 99202256889, "time": "2026-06-12T18:41:04.666640Z"}
{"type": "match", "trade_id": 818247163, "maker_order_id": "3183d71b-df11-4237-81e0-f60743da2376", "taker_order_id": "09dfacee-139b-462b-a397-90cd747200d3", "side": "sell", "size": "0.24067855", "price": "1672.27", "product_id": "ETH-USD", "sequence": 99202256891, "time": "2026-06-12T18:41:04.666640Z"}
{"type": "match", "trade_id": 818247164, "maker_order_id": "29548618-e9eb-4b9f-b5e2-179d7e3a1a24", "taker_order_id": "09dfacee-139b-462b-a397-90cd747200d3", "side": "sell", "size": "0.06699233", "price": "1672.27", "product_id": "ETH-USD", "sequence": 99202256893, "time": "2026-06-12T18:41:04.666640Z"}
{"type": "match", "trade_id": 818247165, "maker_order_id": "b7e4596b-84c5-4283-bfd0-943b02f48443", "taker_order_id": "09dfacee-139b-462b-a397-90cd747200d3", "side": "sell", "size": "1.4625", "price": "1672.27", "product_id": "ETH-USD", "sequence": 99202256895, "time": "2026-06-12T18:41:04.666640Z"}
{"type": "match", "trade_id": 1037299546, "maker_order_id": "914a7049-a082-4da7-8fc4-b0a761f022b9", "taker_order_id": "d0c70ba4-42b6-41b8-968e-de9792c0ac05", "side": "buy", "size": "0.02912899", "price": "63867.08", "product_id": "BTC-USD", "sequence": 130500278235, "time": "2026-06-12T18:41:04.666991Z"}
{"type": "match", "trade_id": 1037299547, "maker_order_id": "f6ec3f1b-ea02-4550-8595-5da31b79c4c7", "taker_order_id": "d0c70ba4-42b6-41b8-968e-de9792c0ac05", "side": "buy", "size": "0.02912899", "price": "63867.07", "product_id": "BTC-USD", "sequence": 130500278237, "time": "2026-06-12T18:41:04.666991Z"}
{"type": "match", "trade_id": 1037299548, "maker_order_id": "9027f8fd-757e-4f16-a0c2-d16d456e4986", "taker_order_id": "2131cdbe-d733-47f1-8ece-f127af58023b", "side": "buy", "size": "0.01436332", "price": "63867.08", "product_id": "BTC-USD", "sequence": 130500278273, "time": "2026-06-12T18:41:04.669975Z"}
{"type": "match", "trade_id": 1037299549, "maker_order_id": "cbf05e37-7031-437e-af60-b36118a7c0e1", "taker_order_id": "2131cdbe-d733-47f1-8ece-f127af58023b", "side": "buy", "size": "0.00234857", "price": "63866.99", "product_id": "BTC-USD", "sequence": 130500278275, "time": "2026-06-12T18:41:04.669975Z"}
{"type": "match", "trade_id": 1037299550, "maker_order_id": "c0a7dc29-7bb2-47de-883e-19a9e4469102", "taker_order_id": "27a141ab-77d7-4455-ab61-d2f7aed204bd", "side": "buy", "size": "0.00821826", "price": "63867.08", "product_id": "BTC-USD", "sequence": 130500278303, "time": "2026-06-12T18:41:04.672152Z"}
{"type": "match", "trade_id": 818247166, "maker_order_id": "42351a59-73d6-44ba-90ed-3314d05d3027", "taker_order_id": "1dd72717-e01e-411c-bd89-76259d6b777a", "side": "buy", "size": "0.16938985", "price": "1672.26", "product_id": "ETH-USD", "sequence": 99202256967, "time": "2026-06-12T18:41:04.679153Z"}
{"type": "match", "trade_id": 818247167, "maker_order_id": "91d26369-b07c-4751-8c1a-558df43a9d4d", "taker_order_id": "1dd72717-e01e-411c-bd89-76259d6b777a", "side": "buy", "size": "0.1", "price": "1672.23", "product_id": "ETH-USD", "sequence": 99202256969, "time": "2026-06-12T18:41:04.679153Z"}
{"type": "match", "trade_id": 1037299551, "maker_order_id": "d0f2d7f0-46e5-41e1-bac6-8a3f284742ac", "taker_order_id": "3bb2de37-5bac-4fef-bdb8-ebce60571ef5", "side": "buy", "size": "0.00410913", "price": "63862.21", "product_id": "BTC-USD", "sequence": 130500278380, "time": "2026-06-12T18:41:04.681860Z"}
{"type": "match", "trade_id": 818247168, "maker_order_id": "c1eba160-f457-4667-8e78-8a9319b038d5", "taker_order_id": "d362ac06-3621-44c8-a041-298db49413a6", "side": "sell", "size": "0.17071372", "price": "1672.26", "product_id": "ETH-USD", "sequence": 99202257001, "time": "2026-06-12T18:41:04.681477Z"}
{"type": "match", "trade_id": 818247169, "maker_order_id": "4b7e2f2e-1645-4868-8436-305cd821db12", "taker_order_id": "d362ac06-3621-44c8-a041-298db49413a6", "side": "sell", "size": "0.26122028", "price": "1672.27", "product_id": "ETH-USD", "sequence": 99202257003, "time": "2026-06-12T18:41:04.681477Z"}
{"type": "match", "trade_id": 818247170, "maker_order_id": "80455c4c-0b1b-4d7a-a131-677b7a100c37", "taker_order_id": "d362ac06-3621-44c8-a041-298db49413a6", "side": "sell", "size": "0.41700228", "price": "1672.27", "product_id": "ETH-USD", "sequence": 99202257005, "time": "2026-06-12T18:41:04.681477Z"}
{"type": "match", "trade_id": 818247171, "maker_order_id": "9661e7ae-efea-47e3-a2fc-2538c49bd6c3", "taker_order_id": "d362ac06-3621-44c8-a041-298db49413a6", "side": "sell", "size": "1.4625", "price": "1672.27", "product_id": "ETH-USD", "sequence": 99202257007, "time": "2026-06-12T18:41:04.681477Z"}
{"type": "match", "trade_id": 818247172, "maker_order_id": "10e8d29a-2374-421a-b7c5-30b6d4b7db07", "taker_order_id": "d362ac06-3621-44c8-a041-298db49413a6", "side": "sell", "size": "0.41871372", "price": "1672.27", "product_id": "ETH-USD", "sequence": 99202257009, "time": "2026-06-12T18:41:04.681477Z"}
{"type": "match", "trade_id": 818247173, "maker_order_id": "a686a901-8a30-47a9-b1f3-260c515e1528", "taker_order_id": "d362ac06-3621-44c8-a041-298db49413a6", "side": "sell", "size": "0.39338023", "price": "1672.27", "product_id": "ETH-USD", "sequence": 99202257011, "time": "2026-06-12T18:41:04.681477Z"}
{"type": "match", "trade_id": 818247174, "maker_order_id": "d122f221-590e-4588-b31a-ce818c8d7b30", "taker_order_id": "fe702991-8df4-4c72-8c9b-a3af6ca71bdd", "side": "buy", "size": "0.09461015", "price": "1672.07", "product_id": "ETH-USD", "sequence": 99202257025, "time": "2026-06-12T18:41:04.682688Z"}
{"type": "match", "trade_id": 818247175, "maker_order_id": "d122f221-590e-4588-b31a-ce818c8d7b30", "taker_order_id": "e742498d-c6f2-41ea-8353-0b2a5a70ad9e", "side": "buy", "size": "0.99710421", "price": "1672.07", "product_id": "ETH-USD", "sequence": 99202257028, "time": "2026-06-12T18:41:04.682700Z"}
{"type": "match", "trade_id": 818247176, "maker_order_id": "f52421f4-1ac7-48f8-b579-d20520f09c5a", "taker_order_id": "e742498d-c6f2-41ea-8353-0b2a5a70ad9e", "side": "buy", "size": "1.38650594", "price": "1672.07", "product_id": "ETH-USD", "sequence": 99202257030, "time": "2026-06-12T18:41:04.682700Z"}
{"type": "match", "trade_id": 1037299552, "maker_order_id": "c2bebf27-8cc5-40b1-8cc1-ff299832ddde", "taker_order_id": "baaf2de7-1628-4487-bc34-3c8ce83ffe3c", "side": "buy", "size": "0.00078289", "price": "63862.19", "product_id": "BTC-USD", "sequence": 130500278418, "time": "2026-06-12T18:41:04.684914Z"}
{"type": "match", "trade_id": 1037299553, "maker_order_id": "79f39d7e-96d7-4794-8a77-e43a3e05938b", "taker_order_id": "baaf2de7-1628-4487-bc34-3c8ce83ffe3c", "side": "buy", "size": "0.06655375", "price": "63860.01", "product_id": "BTC-USD", "sequence": 130500278420, "time": "2026-06-12T18:41:04.684914Z"}
{"type": "match", "trade_id": 818247177, "maker_order_id": "6fce6c61-f34a-4562-a805-1a6eefbd6152", "taker_order_id": "dff62aa8-e0df-446e-8ae9-b7917c2b2fa5", "side": "sell", "size": "0.418", "price": "1672.17", "product_id": "ETH-USD", "sequence": 99202257192, "time": "2026-06-12T18:41:04.703668Z"}
{"type": "match", "trade_id": 1037299554, "maker_order_id": "24304d5e-3472-4f10-8e43-6cce3c631bf1", "taker_order_id": "459a65ec-a02c-4952-a838-83e4646f644d", "side": "buy", "size": "0.11204557", "price": "63869.17", "product_id": "BTC-USD", "sequence": 130500278906, "time": "2026-06-12T18:41:04.757488Z"}
{"type": "match", "trade_id": 818247178, "maker_order_id": "314739fe-e291-43f8-9be1-2fa1df699161", "taker_order_id": "a42700bd-8acd-4309-b70b-ebfb2919822a", "side": "buy", "size": "0.30612", "price": "1672.36", "product_id": "ETH-USD", "sequence": 99202257562, "time": "2026-06-12T18:41:04.759949Z"}
{"type": "match", "trade_id": 818247179, "maker_order_id": "abba9393-95cc-4084-8be3-a455b8fdf242", "taker_order_id": "a42700bd-8acd-4309-b70b-ebfb2919822a", "side": "buy", "size": "0.05985258", "price": "1672.21", "product_id": "ETH-USD", "sequence": 99202257564, "time": "2026-06-12T18:41:04.759949Z"}
{"type": "match", "trade_id": 818247180, "maker_order_id": "00471c58-2f5c-453a-977d-ff8b2fb4f390", "taker_order_id": "e3979413-c20f-4ff3-8c09-f91b3f6f4cb9", "side": "sell", "size": "3.186", "price": "1672.37", "product_id": "ETH-USD", "sequence": 99202257678, "time": "2026-06-12T18:41:04.768914Z"}
{"type": "match", "trade_id": 818247181, "maker_order_id": "4c17f93f-1c20-4332-a8af-8d5c654002b3", "taker_order_id": "e3979413-c20f-4ff3-8c09-f91b3f6f4cb9", "side": "sell", "size": "0.103", "price": "1672.37", "product_id": "ETH-USD", "sequence": 99202257680, "time": "2026-06-12T18:41:04.768914Z"}
{"type": "match", "trade_id": 1037299555, "maker_order_id": "358de14b-81c3-4230-abda-bb0ec5d5ae24", "taker_order_id": "d76ee455-0307-4eeb-b97d-bc65b90a7bb5", "side": "sell", "size": "0.00040365", "price": "63863.8", "product_id": "BTC-USD", "sequence": 130500279031, "time": "2026-06-12T18:41:04.771953Z"}
{"type": "match", "trade_id": 1037299556, "maker_order_id": "7e16568f-ac52-426e-ac4c-3c661f882bf0", "taker_order_id": "a4fe7bcc-7e5c-4ac4-a2ad-54981ee01f7c", "side": "buy", "size": "0.00154328", "price": "63862.03", "product_id": "BTC-USD", "sequence": 130500279131, "time": "2026-06-12T18:41:04.779849Z"}
{"type": "match", "trade_id": 1037299557, "maker_order_id": "02caeca0-f478-4a0d-9f46-b51a3eb920b0", "taker_order_id": "bd17390b-af38-430d-b019-b284fcebd796", "side": "buy", "size": "0.00867904", "price": "63860.27", "product_id": "BTC-USD", "sequence": 130500279145, "time": "2026-06-12T18:41:04.780670Z"}
{"type": "match", "trade_id": 818247182, "maker_order_id": "fb63cd98-0060-4fe7-83ab-e37c7f3e5f70", "taker_order_id": "33832aae-8af1-4de3-8f58-95f1c4b2b610", "side": "buy", "size": "0.17807549", "price": "1672.16", "product_id": "ETH-USD", "sequence": 99202257963, "time": "2026-06-12T18:41:04.811100Z"}
{"type": "match", "trade_id": 818247183, "maker_order_id": "8b7c9c23-541e-4fba-9fd1-257f53e382a9", "taker_order_id": "33832aae-8af1-4de3-8f58-95f1c4b2b610", "side": "buy", "size": "0.54018316", "price": "1672.13", "product_id": "ETH-USD", "sequence": 99202257965, "time": "2026-06-12T18:41:04.811100Z"}
{"type": "match", "trade_id": 1037299558, "maker_order_id": "7f6afdca-95f0-4ced-9430-e8bfd0043951", "taker_order_id": "ffdc33d5-4729-41a1-8bfd-41926fa22a89", "side": "buy", "size": "0.00000002", "price": "63860.04", "product_id": "BTC-USD", "sequence": 130500280425, "time": "2026-06-12T18:41:05.026144Z"}
{"type": "match", "trade_id": 1037299559, "maker_order_id": "e1c47d52-8876-4fd1-ab1a-6cd0372f22a1", "taker_order_id": "50e947cb-ebdb-47cc-8af4-77ac289a6ca1", "side": "sell", "size": "0.00024358", "price": "63860.03", "product_id": "BTC-USD", "sequence": 130500280587, "time": "2026-06-12T18:41:05.081839Z"}
{"type": "match", "trade_id": 818247184, "maker_order_id": "f8942ef1-3643-4569-815f-ae4d6613ad5f", "taker_order_id": "b6fa5815-3a6d-411d-8697-437dd3a48d5a", "side": "sell", "size": "0.21530507", "price": "1672.37", "product_id": "ETH-USD", "sequence": 99202259145, "time": "2026-06-12T18:41:05.165002Z"}
{"type": "match", "trade_id": 818247185, "maker_order_id": "35b2db5b-b4ce-415b-99d4-59476788e0fc", "taker_order_id": "b6fa5815-3a6d-411d-8697-437dd3a48d5a", "side": "sell", "size": "1.4625", "price": "1672.37", "product_id": "ETH-USD", "sequence": 99202259147, "time": "2026-06-12T18:41:05.165002Z"}
{"type": "match", "trade_id": 818247186, "maker_order_id": "ad156e2f-07da-4594-ab8f-93527a319420", "taker_order_id": "b6fa5815-3a6d-411d-8697-437dd3a48d5a", "side": "sell", "size": "0.3", "price": "1672.37", "product_id": "ETH-USD", "sequence": 99202259149, "time": "2026-06-12T18:41:05.165002Z"}
{"type": "match", "trade_id": 818247187, "maker_order_id": "b6fa5815-3a6d-411d-8697-437dd3a48d5a", "taker_order_id": "c035e697-ce26-4e6f-98dc-2126041c5f37", "side": "buy", "size": "1.31019493", "price": "1672.37", "product_id": "ETH-USD", "sequence": 99202259191, "time": "2026-06-12T18:41:05.184255Z"}
{"type": "match", "trade_id": 1037299560, "maker_order_id": "a796471a-78c2-4c90-b065-f29e9cf7e1af", "taker_order_id": "42bc7d74-aa65-4f51-bbea-c187913c97c2", "side": "sell", "size": "0.00077524", "price": "63860.03", "product_id": "BTC-USD", "sequence": 130500280943, "time": "2026-06-12T18:41:05.238295Z"}
{"type": "match", "trade_id": 818247188, "maker_order_id": "2b1241fc-8239-4a58-b3ce-9c435edc0265", "taker_order_id": "765b4742-9aca-4fc2-b6a9-ee43e3a7791d", "side": "sell", "size": "0.10765254", "price": "1672.29", "product_id": "ETH-USD", "sequence": 99202259286, "time": "2026-06-12T18:41:05.265610Z"}
{"type": "match", "trade_id": 818247189, "maker_order_id": "765b4742-9aca-4fc2-b6a9-ee43e3a7791d", "taker_order_id": "aa5a77b6-e019-4727-8592-7f6bd03e4b82", "side": "buy", "size": "0.62708213", "price": "1672.29", "product_id": "ETH-USD", "sequence": 99202259440, "time": "2026-06-12T18:41:05.385560Z"}
{"type": "match", "trade_id": 818247190, "maker_order_id": "765b4742-9aca-4fc2-b6a9-ee43e3a7791d", "taker_order_id": "8c30f2c5-23ae-44d2-a775-25e0224a944c", "side": "buy", "size": "0.37308213", "price": "1672.29", "product_id": "ETH-USD", "sequence": 99202259443, "time": "2026-06-12T18:41:05.385994Z"}
{"type": "match", "trade_id": 818247191, "maker_order_id": "765b4742-9aca-4fc2-b6a9-ee43e3a7791d", "taker_order_id": "73542c74-6e50-4614-b9bb-f544cfd2c163", "side": "buy", "size": "1.27017891", "price": "1672.29", "product_id": "ETH-USD", "sequence": 99202259456, "time": "2026-06-12T18:41:05.388942Z"}
{"type": "match", "trade_id": 818247192, "maker_order_id": "765b4742-9aca-4fc2-b6a9-ee43e3a7791d", "taker_order_id": "a0d0e0e4-9cc0-4fc5-9e34-9b1e9fa8d2fe", "side": "buy", "size": "0.91100429", "price": "1672.29", "product_id": "ETH-USD", "sequence": 99202259480, "time": "2026-06-12T18:41:05.398312Z"}
{"type": "match", "trade_id": 818247193, "maker_order_id": "919a878f-16fc-4897-9cc0-2849ef646f46", "taker_order_id": "a0d0e0e4-9cc0-4fc5-9e34-9b1e9fa8d2fe", "side": "buy", "size": "0.15722871", "price": "1672.29", "product_id": "ETH-USD", "sequence": 99202259482, "time": "2026-06-12T18:41:05.398312Z"}
{"type": "match", "trade_id": 818247194, "maker_order_id": "919a878f-16fc-4897-9cc0-2849ef646f46", "taker_order_id": "ede726a7-92b9-46fa-ae53-e27be00f5d4a", "side": "buy", "size": "0.00000051", "price": "1672.29", "product_id": "ETH-USD", "sequence": 99202259510, "time": "2026-06-12T18:41:05.416930Z"}
{"type": "match", "trade_id": 818247195, "maker_order_id": "031fc28e-5b1d-4a82-a2b7-475c90322bf1", "taker_order_id": "ede726a7-92b9-46fa-ae53-e27be00f5d4a", "side": "buy", "size": "0.15722922", "price": "1672.29", "product_id": "ETH-USD", "sequence": 99202259512, "time": "2026-06-12T18:41:05.416930Z"}
{"type": "match", "trade_id": 818247196, "maker_order_id": "cc1788e5-61bf-415d-8e71-8df18d9869d9", "taker_order_id": "0c1b9641-2ceb-4536-82f8-908d9543e179", "side": "sell", "size": "1.19496", "price": "1672.17", "product_id": "ETH-USD", "sequence": 99202259542, "time": "2026-06-12T18:41:05.420783Z"}
{"type": "match", "trade_id": 818247197, "maker_order_id": "ede726a7-92b9-46fa-ae53-e27be00f5d4a", "taker_order_id": "0c1b9641-2ceb-4536-82f8-908d9543e179", "side": "sell", "size": "0.46985240", "price": "1672.22", "product_id": "ETH-USD", "sequence": 99202259544, "time": "2026-06-12T18:41:05.420783Z"}
{"type": "match", "trade_id": 818247198, "maker_order_id": "0c1b9641-2ceb-4536-82f8-908d9543e179", "taker_order_id": "1a044191-f45f-4a86-abeb-16c4deff770c", "side": "buy", "size": "0.02799725", "price": "1672.22", "product_id": "ETH-USD", "sequence": 99202259553, "time": "2026-06-12T18:41:05.422457Z"}
{"type": "match", "trade_id": 818247199, "maker_order_id": "b85a3d51-e23e-454d-8a57-0309dde1c9a6", "taker_order_id": "5807d542-a465-4e87-b159-2f8220d14091", "side": "buy", "size": "0.54617372", "price": "1672.23", "product_id": "ETH-USD", "sequence": 99202259579, "time": "2026-06-12T18:41:05.427288Z"}
